2118 3122
770 157 932 184 ΕΡΙΊῸΜΛ
953 156 1173 183 CimoNlcoN.
1738 159 1794 187 :351

146 247 183 278 In
207 250 297 278 textu
322 245 543 277 constituendo
568 255 624 276 nos
648 255 797 276 numeros
822 255 893 278 eos.
919 254 997 286 quos
1021 254 1096 274 vere
1122 243 1261 285 Prosper
1285 243 1404 285 posuit.
1436 254 1495 274 non
1520 242 1645 273 decimo
1670 253 1796 284 qnoque

146 310 227 330 anno
259 299 346 337 solo,
377 297 434 328 sed
466 307 524 339 per
552 297 694 338 singulos
717 308 817 328 annos
840 296 1082 338 adscripsinms.
1108 296 1252 327 codicum
1278 300 1384 326 autem
1411 296 1638 326 nunu-rationis
1664 295 1797 334 vestigia

146 361 187 382 ox
211 353 367 392 apparatu
391 353 515 379 semota
540 348 598 379 hoe
624 349 693 380 loeo
718 349 962 390 composuimus.

247 401 315 432 lam
339 400 504 432 videamus
529 400 569 431 de
593 400 800 440 chronologia
825 400 894 441 ipsa
918 399 1140 441 Prosperiana.

247 453 357 484 Annos
381 452 487 493 colligi
511 452 555 483 nit
579 456 690 483 auctor
713 452 743 482 in
767 451 1004 493 computatione
1031 451 1151 492 prinmo
1177 450 1309 481 editioni
1333 450 1501 481 subiuncta
1524 450 1564 484 (e.
1589 451 1681 483 1:512»
1701 460 1799 488 ecs-qm·

145 506 180 537 in
203 504 397 536 emundatum
427 503 594 534 Theodosii
616 503 734 534 XIIII
752 506 780 533 el
807 503 945 534 *Illurimi
961 511 1006 544 (p.
1026 503 1098 533 (Ὶιν.
1118 505 1194 538 133)
1218 513 1238 532 ιι
1262 502 1332 533 XV
1355 502 1470 533 ΤιἸηϊῘί
1493 512 1578 532 (tuno
1601 504 1629 531 r!
1649 502 1800 540 [ms-simu:

146 557 266 589 dommi
288 566 420 587 numero
439 554 607 588 CCCCVI.
633 555 834 596 eandemque
859 555 1113 585 numerationem
1135 555 1320 585 confirmant
1345 554 1466 585 numeri
1492 565 1587 595 supra
1611 564 1652 584 ex
1677 552 1795 583 eodiei-

147 609 206 640 bus
230 608 362 639 diversis
386 608 478 638 relati
503 607 588 649 pleni
613 606 741 648 quidem
766 607 796 637 in
821 607 905 637 nullo
930 606 1035 637 traditi
1061 610 1093 636 et
1117 607 1234 648 passim
1260 607 1433 643 inminuti,
1458 605 1514 636 sed
1541 611 1573 636 ut
1598 605 1637 636 de
1656 605 1795 644 genuina

146 661 355 693 collocatione
380 660 526 692 dubitare
551 671 613 691 non
637 660 750 702 possis.
796 664 828 690 at
854 660 939 701 ipsos
963 659 1144 690 consulatus
1168 659 1221 689 uhi
1246 669 1467 693 numeramus,
1501 657 1702 688 inveniuntur
1725 668 1797 686 esse

146 723 208 744 uno
238 713 308 755 plns
332 712 526 747 CCCCYII,
555 722 660 754 neque
692 712 774 742 ullus
803 715 851 742 est
882 712 964 742 inter
996 723 1067 751 eos,
1100 722 1194 753 quem
1220 715 1306 742 recte
1331 710 1451 741 deleas.
1499 710 1619 740 numeri
1645 709 1797 750 adscripti

147 775 218 797 cum
251 775 269 796 a
301 764 516 796 consulatibus
546 764 669 795 traditis
704 764 832 795 differre
866 764 1017 805 incipiant
1051 764 1132 794 inter
1160 775 1187 795 a.
1214 765 1274 793 :5:37
1309 767 1341 793 et
1370 764 1441 800 2³17,
1474 766 1580 803 potest
1611 761 1639 791 in
1665 760 1796 791 dubium

146 817 252 848 vocari
277 817 460 848 consulatus
486 826 510 846 e.
536 818 612 846 111119
638 819 780 854 (notatus
805 826 823 846 a
847 815 938 845 nobis
956 814 1172 850 cccxvllffi
1197 814 1379 846 Constantia
1397 813 1476 843 IIII
1496 815 1523 842 et
1548 812 1716 843 constamu-
1742 810 1803 842 III

147 879 186 900 co
211 878 338 910 quoque
363 868 489 898 nomine
514 872 691 909 suspectus,
716 866 802 908 quod
826 867 855 897 in
880 866 939 897 hac
962 871 1054 908 parte
1079 866 1232 897 fastorum
1259 870 1406 896 extrema
1422 864 1607 905 ceteroquin
1627 863 1799 894 emendata

148 931 228 952 unus
252 919 394 950 abundat
418 929 587 961 perperam
612 919 817 960 interpositus
842 919 923 949 inter
947 928 974 948 a.
999 921 1058 948 311
1086 922 1117 948 ct
1143 920 1203 948 :3-15
1229 921 1261 948 et
1284 916 1411 948 rediens
1435 927 1491 947 suo
1515 917 1585 947 loeo
1610 916 1667 946 sub
1692 927 1718 946 a.
1738 918 1799 945 :31¹3

148 972 248 1003 forma
283 971 408 1002 diversa
435 973 508 1010 post
538 981 620 1002 eous.
649 971 782 1001 Αηιαηίὲ
811 973 838 1001 rt
870 969 989 1001 Albini.
1035 969 1238 1000 nihilominus
1270 970 1356 1000 venit
1384 969 1424 999 ab
1458 973 1600 999 auctore:
1635 978 1708 998 nam
1737 977 1800 997 non

147 1024 248 1055 solum
280 1023 401 1054 habent
431 1033 503 1054 eum
533 1022 603 1053 libri
634 1033 759 1059 omnes,
795 1021 851 1052 sed
881 1022 977 1052 ctiam
1008 1022 1060 1063 qui
1093 1020 1280 1052 Constantio
1306 1021 1336 1051 II
1368 1021 1548 1052 tribuuntur
1577 1019 1649 1050 anni
1674 1018 1797 1052 XXIV,

148 1076 274 1107 omnino
312 1079 415 1113 recte,
451 1085 523 1105 eum
559 1074 731 1115 requirunt.
782 1084 885 1116 neque
920 1074 1004 1104 mala
1039 1072 1150 1104 fraude
1186 1084 1203 1104 a
1234 1073 1395 1114 Prospero
1432 1071 1558 1103 videtur
1590 1070 1800 1111 interpolatus

148 1138 233 1167 esse,
265 1137 335 1158 eum
365 1137 458 1168 supra
486 1126 627 1167 (11.255)
655 1125 826 1156 viderimus
855 1136 895 1156 ex
920 1125 1080 1156 laterculis
1106 1125 1206 1156 tribus
1230 1125 1384 1155 similibus
1408 1123 1502 1159 duos,
1531 1123 1653 1153 seilicet
1678 1121 1800 1152 vindo-

147 1179 307 1210 bonenses
341 1178 536 1220 posteriores
571 1181 602 1208 et
637 1177 788 1216 Barbari,
828 1177 1082 1218 interpolationis
1118 1187 1158 1207 ex
1195 1177 1354 1218 Prospero
1385 1185 1588 1217 nequaquam
1623 1177 1798 1215 suspectos.

148 1231 263 1262 eodem
294 1231 364 1262 loco
397 1240 470 1260 eum
507 1229 672 1259 exhibere.
733 1228 870 1270 denique
902 1228 1077 1266 Victorius,
1114 1229 1166 1270 qui
1198 1228 1326 1259 biennio
1359 1231 1432 1269 post
1464 1226 1636 1258 editionem
1674 1230 1798 1267 postre-

147 1293 232 1314 mam
257 1282 404 1313 chronica
428 1281 508 1312 haec
532 1280 691 1319 adhibuit,
715 1280 826 1311 habuit
842 1280 1030 1311 laterculum
1047 1280 1298 1321 Prosperianum
1322 1280 1366 1310 sic
1390 1283 1424 1310 ut
1448 1278 1585 1309 diximus
1602 1277 1800 1309 mendosum.

147 1335 256 1376 itaque
284 1344 373 1365 mera
400 1333 606 1374 neglegentia
634 1332 664 1363 in
692 1331 897 1363 numerandis
933 1342 991 1373 per
1022 1331 1178 1362 decennia
1210 1331 1427 1363 consulatibus
1456 1331 1539 1361 hunc
1568 1334 1678 1360 auctor
1705 1340 1799 1371 prae-

148 1387 234 1417 teriit
265 1390 297 1416 ct
326 1385 432 1416 evenit
461 1385 520 1424 ita,
549 1390 584 1415 ut
612 1384 754 1425 Prosper
782 1395 882 1415 annos
910 1388 1056 1414 numeret
1080 1382 1255 1422 CCCCVI,
1291 1383 1472 1414 consulatus
1496 1386 1593 1424 ponat
1611 1380 1799 1412 000ch

147 1437 179 1469 id
204 1437 304 1479 quod,
337 1447 408 1468 eum
442 1437 473 1467 in
508 1436 683 1478 archetypo
714 1437 836 1467 numeri
870 1446 928 1477 per
959 1435 1115 1467 decennia
1148 1436 1216 1466 sola
1245 1435 1407 1476 adscripta
1436 1440 1557 1470 essent,
1581 1434 1674 1464 facile
1699 1433 1799 1463 latere

149 1489 262 1532 potuit.

257 1540 310 1572 Ad
335 1540 519 1581 exemplum
543 1539 731 1581 Hieronymi
755 1539 897 1581 Prosper
928 1539 1059 1581 singulis
1083 1539 1329 1581 imperatoribus
1353 1549 1423 1569 cum
1457 1548 1556 1569 annos
1587 1537 1710 1579 imperii
1742 1535 1799 1566 ad-

147 1593 271 1635 scripsit
289 1592 423 1623 adiectis
439 1592 556 1633 passim
576 1591 748 1629 mensibus,
773 1591 942 1633 aliquoties
966 1592 1062 1622 etiam
1084 1590 1206 1630 dicbus,
1225 1594 1290 1621 tum
1315 1594 1435 1621 certum
1458 1600 1612 1620 annorum
1629 1599 1797 1619 numerum

148 1646 192 1676 ita
216 1645 338 1683 tribuit,
362 1648 397 1675 ut
420 1644 474 1674 ubi
499 1643 702 1674 enuntiantur
727 1653 852 1673 menses
877 1646 909 1673 et
933 1642 1016 1676 dies,
1047 1643 1134 1673 nulla
1157 1646 1245 1673 certa
1268 1643 1341 1683 lege
1365 1641 1461 1673 modo
1486 1641 1679 1679 abiciantur,
1703 1639 1798 1670 modo

149 1700 374 1739 computentur
389 1706 446 1737 pro
465 1706 548 1726 anno
566 1695 701 1736 integro.
727 1705 849 1725 summa
866 1695 1001 1725 efficitur
1018 1694 1102 1736 apud
1116 1694 1306 1736 Prosperum
1319 1694 1569 1735 IIieronymiana
1587 1703 1648 1723 non
1666 1691 1799 1733 simplici

149 1749 390 1790 compilatione,
423 1747 479 1777 sed
510 1746 623 1777 callida
648 1751 716 1777 arte
741 1746 930 1777 differentiis
952 1747 1062 1777 celatis
1085 1747 1187 1786 magis
1212 1757 1306 1787 quam
1332 1745 1529 1786 exaequatis.
1582 1744 1800 1784 Hieronymus

149 1810 220 1831 cum
252 1799 394 1830 ordiatur
425 1810 443 1829 a
468 1798 584 1829 Flu-isti
613 1798 850 1840 praedieatione
882 1799 948 1829 sive
979 1798 1019 1828 ab
1048 1809 1130 1828 anno
1156 1798 1274 1828 Tiberii
1300 1797 1362 1828 XV
1385 1802 1420 1828 ut
1449 1798 1491 1828 ait
1517 1797 1567 1827 vel
1591 1796 1696 1838 potius
1719 1794 1799 1825 XVI

150 1851 237 1893 (nam
263 1862 296 1882 re
321 1851 408 1882 illum
435 1850 601 1885 excludit),
633 1850 769 1892 Prosper
792 1851 835 1880 ait
860 1849 999 1880 indidem
1024 1862 1057 1880 se
1082 1850 1233 1892 incipere.
1257 1850 1314 1880 sed
1338 1849 1455 1891 duplici
1479 1860 1586 1879 errore
1610 1859 1672 1878 non
1697 1847 1798 1877 solum

150 1902 251 1934 credit
274 1913 373 1933 annos
397 1913 431 1933 se
455 1912 576 1943 ponere
601 1902 773 1944 passionis,
798 1901 854 1932 scd
879 1902 974 1932 etiam
1000 1901 1120 1932 Tiberii
1144 1912 1243 1932 annos
1266 1906 1338 1943 post
1361 1901 1542 1943 passionem
1568 1904 1713 1930 numerat
1738 1909 1799 1929 non

151 1959 232 1991 octo,
256 1958 290 1985 ut
308 1955 383 1997 fecit
400 1953 626 1995 I‘Iieronymus,
651 1953 708 1984 sed
733 1953 855 1986 decem.
883 1964 1076 1995 quamquam
1101 1954 1269 1995 imperium
1287 1953 1494 1984 Tiberiamuu
1513 1963 1583 1982 cum
1605 1951 1799 1992 Hieronymo

150 2007 224 2037 facit
241 2016 394 2037 annorum
412 2004 536 2036 XXIII.
577 2006 607 2036 in
632 2005 839 2046 sequentibus
863 2006 1003 2047 imperiis
1028 2016 1154 2047 quoque
1180 2005 1401 2046 computandis
1425 2004 1594 2045 aliquoties
1619 2003 1658 2033 ab
1682 2002 1799 2033 Hiero-

150 2068 245 2100 nymo
271 2058 386 2088 differt.
412 2057 491 2087 sieut
517 2057 655 2087 ostendit
680 2057 787 2087 tabula
813 2057 966 2088 subiecta.

707 2108 924 2150 Hieronymus
1256 2108 1395 2149 Prosper

408 2158 555 2190 Tiberius
808 2164 826 2190 b
1313 2162 1347 2190 111
1440 2160 1472 2200 ἦ
1503 2161 1520 2190 2

408 2210 626 2252 Vespasianus
793 2214 826 2241 11)
1328 2214 1346 2240 ‘J
1436 2229 1476 2232 —
1508 2213 1514 2241 1

408 2261 498 2292 Titus
522 2267 564 2303 (pa.
585 2263 603 2292 2
627 2273 667 2293 m.
687 2262 719 2302 2)
809 2264 826 2293 2
1080 2272 1122 2305 (a.
1141 2267 1158 2293 :3
1183 2275 1223 2294 m.
1242 2263 1275 2299 2)
1329 2265 1347 2293 3
1438 2262 1476 2301 4-
1508 2265 1514 2292 1

409 2313 562 2343 Traianus
577 2320 619 2353 (a.
640 2315 672 2343 19
690 2324 730 2344 m.
743 2314 775 2354 ὃ)
1079 2324 1122 2350 (a.
1148 2318 1180 2346 la
1199 2326 1239 2345 m.
1259 2314 1292 2350 Τ)

409 2363 486 2395 Pius
787 2367 825 2395 223
1308 2367 1348 2395 22).
1437 2382 1476 2386 —
1509 2367 1516 2394 Ι

409 2416 573 2446 Caracalla
810 2418 826 2446 7
857 2415 966 2456 (Fe-du.
991 2415 1026 2447 oi
1329 2419 1348 2447 6
1438 2434 1476 2437 —
1509 2419 1515 2446 1

409 2466 528 2498 Decius
816 2471 823 2498 1
1332 2470 1348 2498 .).
1438 2468 1478 2507 -l-
1509 2470 1515 2497 1

409 2518 538 2549 Tacitus
816 2522 823 2549 1
1308 2539 1347 2542 -
1437 2537 1478 2541 -
1511 2521 1516 2548 1

411 2570 587 2611 (Galerius)
817 2573 824 2601 l
1331 2573 1349 2602 2
1437 2571 1478 2610 -1-
1510 2573 1516 2600 1

411 2621 614 2652 Constantius
638 2621 670 2651 ΙΙ
789 2623 826 2652 24
1310 2622 1388 2657 23¹)
1439 2640 1477 2644 —
1510 2624 1516 2651 1

412 2673 552 2704 Iulianus
810 2675 828 2703 2
1331 2676 1348 2703 :3
1438 2673 1478 2712 -1-
1510 2675 1515 2702 Ι

410 2725 654 2755 Valentinianus
678 2723 693 2755 I
795 2727 829 2755 15
1315 2727 1347 2755 11
1439 2742 1476 2745 -
1509 2726 1516 2754 1

260 2805 284 2837 l)
303 2805 344 2829 Sic
362 2805 387 2828 in
406 2809 524 2836 computo
543 2807 673 2832 numerat,
693 2810 849 2835 quamquam
868 2810 944 2835 supra
963 2802 1072 2828 vidimus
1091 2802 1238 2827 consulatus
1257 2811 1315 2827 eum
1334 2803 1448 2835 posuisse
1468 2801 1560 2826 xxw.

1543 2848 1596 2874 45⁸
