2118 3122
288 166 351 193 :uzo
948 156 1125 185 rnosi‘ERI
1144 156 1294 184 TIRONIS

287 251 327 281 ·in
352 250 471 280 bellum
505 248 588 291 quod
619 255 727 278 eontra
755 246 929 277 lanuenscs
957 245 1131 286 gerebant,
1164 255 1226 287 quo
1251 244 1380 287 quidem
1412 244 1498 276 bello
1531 245 1670 288 quinque
1700 245 1789 277 milia
1817 246 1948 288 triginta

287 311 361 333 ures
385 302 492 341 gladio
519 300 664 343 periere‘.
703 299 861 340 Prospero
886 298 923 338 μ’.
949 297 1062 331 1—32‘)
1087 297 1320 339 prawscriptmn
1346 302 1394 328 est
1417 297 1531 328 litteris
1555 297 1657 328 rubris
1682 297 1814 330 ‘Aurelii
1832 298 1945 341 Augu-

287 355 368 384 ·stini
395 354 423 384 in
450 352 567 383 istoria'
594 359 750 393 sequente
775 350 981 391 inscriptione
1006 360 1083 380 vcra
1106 360 1203 391 supra
1227 349 1340 389 relatu,
1365 348 1578 391 subscriptum
1603 350 1683 380 *finis
1706 350 1816 381 istorie
1841 351 1946 382 eccle-

287 406 424 436 ·siastiee
442 405 542 435 saneti
560 403 729 444 Augustini
746 402 888 444 episcopi
907 400 948 432 de
966 401 1133 432 heresibus
1151 400 1306 432 ciusdem.
1347 400 1408 431 deo
1425 401 1545 442 gratias
1561 400 1676 433 amen'.
1722 405 1795 444 post
1808 402 1948 445 Prospe-

288 458 372 487 riana
388 457 590 486 eontiiwnttn·
603 455 764 486 volumine
783 455 802 485 f.
813 456 852 483 :33
867 453 1059 495 Hieronymi
1075 453 1116 484 ad
1131 453 1307 484 Damasum
1320 457 1353 484 et
1366 453 1460 483 huius
1474 452 1514 484 ad
1528 453 1617 484 illum
1630 453 1787 496 epistulae
1801 454 1947 495 ficticiae,

289 510 308 539 t'.
328 512 366 537 2:23
385 511 453 538 <723
480 509 564 538 vitae
589 508 774 549 pontificum
799 505 984 548 tinvipiunt:
1011 505 1135 536 ‘beatus
1158 505 1275 536 Petrus
1299 505 1466 547 apostolus
1490 508 1522 535 et
1545 505 1696 548 princeps
1730 506 1948 548 apostolorum

288 559 541 591 nxntiovlwnus'.
567 560 677 590 liniunt
701 559 731 589 in
756 558 919 589 Bonifatio
946 557 993 588 llI
1018 557 1138 588 vorbis:
1164 557 1224 588 ‘hic
1250 557 1326 588 fecit
1352 557 1522 599 episcopos
1546 567 1605 599 per
1628 557 1755 589 diversa
1779 557 1849 589 loca
1866 558 1949 590 XXI

288 621 318 642 et
345 613 478 642 ees-savit
504 612 708 654 episcopatus
733 622 772 641 m.
791 610 821 641 X
846 609 960 640 diebus
984 608 1058 644 X‘),
1089 610 1110 640 f.
1129 611 1254 640 75—90
1288 608 1478 640 ‘Benvcnuti
1503 608 1544 639 dc
1568 608 1758 641 Rembnldis
1782 609 1822 641 de
1846 610 1949 642 Imola

289 664 424 694 dibelhts
449 664 501 705 qni
527 663 641 694 dicitur
665 662 853 703 Augustalis
881 661 922 692 ad
947 661 988 692 M.
1007 661 1073 692 Fe:
1127 661 1268 703 tint-ipit:
1299 665 1403 703 ‘optas
1428 661 1602 692 clarissime
1627 661 1796 694 marchio':
1828 662 1896 694 finit
1918 663 1950 694 in

291 715 467 746 Vim-istan:
503 726 594 746 ·nune
624 715 703 757 proh
737 714 828 745 dolor
860 713 936 744 nihil
969 713 1134 756 possideat
1167 713 1225 744 nisi
1251 712 1411 744 modicum
1437 712 1621 744 occidentis.
1669 713 1726 745 scd
1756 714 1826 746 laus
1850 713 1950 757 ded),

290 768 338 798 eui
364 768 575 809 subscriptum
601 772 662 797 est:
689 766 766 797 *linit
791 766 928 797 feliciter
952 765 1144 796 libellus
1166 765 1206 796 ad
1232 765 1387 796 illustrem
1411 764 1580 796 Nicolaum
1596 765 1815 798 marchionem
1833 766 1950 798 Eston-

290 830 367 850 'sem
397 820 439 850 kl.
460 820 596 850 laniuarii
626 819 764 850 intrante
795 829 877 849 novo
909 828 990 848 anno
1019 818 1189 848 millesimo
1213 816 1478 848 CCCLXXXV'.
1525 817 1690 859 agens-de
1715 817 1850 850 Claudio
1874 819 1952 850 citat

290 872 452 903 'sat-itum:
490 872 713 903 ·infortunatus
748 871 778 902 in
809 870 980 905 uxoribus,
1019 869 1059 901 de
1092 880 1226 912 quorum
1257 869 1340 911 [sic]
1371 880 1433 900 una
1458 869 1615 900 Meselina
1645 870 1756 902 scribit
1783 870 1952 902 Cornelius

291 923 452 955 “stu-itus'.

240 1007 278 1029 ,ιιι
405 997 424 1024 Ι.
451 993 667 1024 Bet-olinonsis
691 992 1033 1024 Chcltenhamcnsium
1064 993 1152 1031 1579,
1177 991 1269 1022 nobis
1286 991 1343 1030 Au,
1369 991 1444 1022 olim
1472 991 1612 1033 ‘collegii
1635 990 1825 1023 Parisiensis
1848 991 1952 1023 socie-

291 1046 375 1076 ·tatis
402 1044 494 1076 lesu‘.
527 1044 644 1076 deinde
674 1044 954 1076 Meet-manniamis
986 1054 1015 1074 n.
1035 1045 1093 1075 754
1126 1044 1312 1085 (praeterea
1341 1043 1528 1085 inscriptum
1559 1047 1609 1074 est
1637 1043 1837 1075 extrinsecus
1861 1043 1953 1075 ‘Mel-

293 1098 419 1128 ·ehioris
443 1096 551 1129 sum‘).
576 1097 757 1139 descriptus
781 1108 799 1127 a
819 1096 959 1127 Waitzio
986 1096 1091 1127 Neues
1106 1096 1226 1127 Archiv
1250 1098 1279 1135 -1,
1298 1097 1370 1135 590.
1396 1095 1586 1127 chartaceus
1609 1095 1729 1126 saeculi
1753 1095 1826 1127 XV.
1866 1095 1953 1138 prin-

292 1150 408 1191 eipium
444 1149 535 1180 deest
565 1149 730 1191 defuitque
760 1149 839 1185 iam,
872 1159 943 1179 cum
974 1148 1132 1179 Melehior
1161 1148 1214 1179 ille
1245 1148 1274 1178 ei
1307 1147 1466 1189 inscripsit
1497 1147 1623 1178 titulum
1652 1147 1793 1179 ‘historie
1824 1148 1954 1190 antique

293 1202 492 1243 'incipientes
517 1201 558 1231 ab
582 1199 778 1232 Abraham':
803 1201 913 1242 incipit
937 1201 1000 1231 iam
1026 1211 1045 1231 a
1069 1211 1095 1231 c.
1115 1201 1154 1231 25
1178 1201 1262 1238 sitem!
1292 1199 1407 1239 itaque.
1453 1199 1600 1230 ultimum
1623 1199 1734 1230 folium
1759 1210 1953 1242 quamquam

292 1259 324 1284 et
355 1254 457 1295 ipsum
486 1253 593 1286 deest.
625 1253 796 1284 chronicon
826 1253 986 1294 integrum
1016 1252 1134 1283 mansit
1164 1252 1275 1282 exiens
1300 1262 1326 1284 e.
1350 1253 1471 1291 135o‚-4
1498 1255 1533 1282 ut
1555 1251 1679 1294 reliqua
1702 1251 1818 1283 similia
1842 1262 1954 1283 exem-

291 1306 391 1348 plaria
418 1306 447 1336 in
473 1306 570 1336 verba
595 1305 668 1344 siu-il
691 1308 719 1335 rt
738 1305 872 1344 prodere
896 1304 1075 1346 subscripto
1100 1303 1260 1335 vocabulo
1284 1304 1370 1343 sinis
1411 1303 1600 1334 Labbaeum
1618 1313 1715 1346 supra
1737 1314 1768 1346 p.
1787 1305 1847 1335 354
1873 1303 1954 1335 vidi-

292 1369 361 1388 mus
392 1357 433 1388 ad
465 1368 553 1388 oram
583 1357 701 1388 codicis
731 1357 823 1388 huius
855 1357 975 1388 variam
1009 1357 1181 1389 lectionem
1207 1355 1367 1398 Spirensis
1399 1355 1559 1398 deperditi
1591 1355 1809 1398 adscripsisse.
1855 1355 1956 1388 edidit

292 1418 400 1441 autem
425 1409 620 1451 Prosperum
645 1420 673 1440 a.
698 1411 774 1440 1657
800 1408 842 1439 ad
866 1409 950 1440 hune
975 1409 1175 1450 potissimum
1201 1413 1233 1439 et
1257 1408 1454 1450 Spirensem.

243 1490 280 1513 ,ιν
399 1482 427 1510 ῑι,
452 1478 648 1509 Matritensis
672 1478 876 1517 univ.1‹'o:3‚
909 1479 959 1509 eui
983 1478 1198 1520 subscriptum
1227 1477 1321 1509 ‘Milo
1344 1477 1381 1509 (Ie
1408 1477 1564 1509 Carraria
1586 1477 1714 1517 scripsit
1738 1477 1826 1517 apml
1848 1477 1956 1509 urbem

294 1542 388 1562 -ιιηηιι
412 1530 632 1563 MCGCCLI·
658 1532 676 1562 t'.
702 1533 798 1561 1—:31
825 1531 880 1572 tct'.
897 1530 1002 1561 Knust
1032 1530 1152 1561 Archiv
1176 1532 1205 1570 b,
1224 1531 1300 1566 Τδῦς
1329 1529 1442 1561 Ewald
1465 1540 1560 1561 naues
1582 1529 1702 1560 Archiv
1725 1532 1754 1570 (5,
1772 1529 1860 1572 306).
1905 1540 1956 1561 se-

294 1591 432 1626 qunntur
449 1583 581 1614 Damasi
605 1583 658 1625 qui
683 1583 798 1613 dicitnr
821 1583 903 1614 liber
927 1583 1118 1625 pontificalis
1143 1583 1280 1624 aliaque.
1321 1582 1484 1624 inscriptio
1502 1581 1617 1613 eadem
1635 1585 1732 1624 atque
1755 1581 1956 1624 praeceden-

294 1637 388 1668 tium,
419 1636 533 1678 quibus
558 1636 607 1666 hic
632 1636 663 1666 in
688 1636 773 1666 omni
798 1646 831 1666 re
856 1635 1035 1666 simillimus
1059 1639 1118 1666 est.
1167 1635 1319 1666 collatum
1343 1634 1441 1665 habui
1465 1645 1484 1665 a
1507 1633 1654 1665 Knustio.

398 1697 512 1728 Libros
536 1707 631 1738 supra
662 1697 798 1738 scriptos
829 1707 900 1727 emn
931 1706 1042 1727 omncs
1066 1706 1108 1727 ex
1132 1695 1248 1727 eodem
1272 1695 1459 1737 :exemplari
1488 1694 1632 1737 pendere
1663 1698 1809 1737 apertum
1839 1694 1893 1734 sit,
1923 1697 1959 1726 ut

295 1754 402 1779 aetate
428 1749 471 1779 ita
503 1749 646 1780 bonitate
671 1748 852 1779 Marcianus
883 1748 1014 1790 reliquis
1046 1748 1142 1790 longe
1172 1751 1325 1790 praestat.
1371 1747 1471 1779 habet
1499 1746 1724 1778 adnotationes
1748 1757 1811 1778 non
1835 1756 1955 1789 paucas

295 1813 377 1843 quae
402 1802 431 1832 in
457 1801 526 1831 aliis
549 1800 788 1832 desiderantur:
821 1800 919 1831 hahet
950 1811 1050 1831 annos
1074 1800 1246 1842 passionis,
1279 1810 1358 1842 quos
1388 1803 1524 1841 apparet
1555 1799 1586 1830 in
1610 1799 1787 1841 archetypo
1810 1809 1869 1841 per
1892 1798 1955 1830 sin-

295 1854 369 1893 gula
402 1853 558 1884 ‹leeennia
592 1852 772 1894 adscriptos
808 1853 921 1887 fuisse.
956 1853 1086 1894 reliquis
1119 1852 1215 1893 longe
1249 1852 1428 1894 pleniores;
1463 1850 1601 1892 denique
1635 1861 1717 1893 quae
1749 1851 1778 1882 in
1813 1850 1957 1892 margine

296 1906 413 1936 librarii
433 1912 579 1947 repetere
598 1905 701 1935 solent
718 1915 781 1935 uno
798 1904 870 1935 loeo
889 1909 1028 1946 excepto
1053 1914 1095 1946 [⁰-
1120 1907 1127 1935 Ι
1143 1906 1213 1941 142)
1232 1916 1250 1934 a
1268 1904 1431 1935 Marciano
1449 1903 1530 1934 libro
1548 1903 1673 1934 absunt.
1709 1902 1825 1934 adsunt
1843 1902 1958 1934 eadem

297 1958 325 1988 in
352 1958 567 1988 Laurentiano
593 1957 694 1987 forma
727 1957 903 1987 litterarum
928 1957 1130 1998 aliquatenus
1155 1956 1305 1987 distincta
1336 1955 1377 1986 ab
1402 1955 1500 1997 ipsius
1524 1955 1663 1986 auctoris
1687 1954 1958 1994 adnotationibus,

296 2009 416 2039 scilieet
443 2009 640 2050 perscriptae
666 2014 737 2039 sunt
761 2008 822 2039 hae
847 2008 961 2039 litteris
985 2008 1170 2047 minoribus7
1195 2008 1269 2039 illae
1294 2007 1407 2039 iisdem
1432 2007 1547 2049 quibus
1571 2007 1601 2037 in
1627 2010 1717 2037 textu
1740 2007 1837 2037 utitur
1861 2006 1958 2038 libra-

297 2061 360 2091 rius
391 2067 421 2090 et
453 2066 584 2101 possunt
614 2060 677 2091 duo
707 2071 827 2101 genera
858 2060 909 2091 vel
934 2060 984 2090 hie
1008 2060 1211 2101 aliquatenus
1239 2059 1373 2091 secerni.
1429 2059 1571 2101 exempli
1601 2069 1697 2090 causa
1727 2058 1758 2089 in
1786 2058 1846 2089 hoc
1876 2058 1958 2090 libro

297 2125 323 2143 c.
343 2115 402 2142 2⁴03
430 2112 522 2142 l'lalo
545 2112 690 2142 nass-ilar
718 2118 749 2142 ct
778 2112 808 2143 in
838 2117 927 2143 textu
958 2112 1075 2153 legitur
1104 2116 1215 2153 utpote
1247 2111 1386 2143 auctoris
1415 2115 1447 2142 et
1477 2110 1518 2142 ad
1541 2111 1719 2152 marginem
1743 2110 1915 2152 repetitum
1939 2120 1959 2141 a

297 2164 435 2195 librario.
460 2164 535 2194 item
561 2163 600 2194 ad
627 2177 652 2195 e.
672 2166 732 2194 2⁸³⁰
761 2164 868 2195 (lim-0
891 2164 992 2203 Arpis
1016 2164 1161 2194 nascatur
1185 2167 1216 2194 et
1241 2163 1281 2194 ad
1306 2175 1332 2195 e.
1351 2165 1411 2194 297
1437 2162 1609 2193 Lucretius
1628 2165 1721 2201 poem
1744 2164 1837 2193 sonet
1862 2162 1958 2193 Inter-

296 2217 363 2254 sivi!
392 2215 475 2257 quod
507 2215 692 2246 adnotatum
724 2220 787 2255 est.
821 2216 940 2247 librarii
973 2227 1043 2246 esse
1075 2215 1148 2246 inde
1182 2216 1335 2254 eflicitur,
1369 2214 1455 2257 quod
1490 2213 1605 2245 eadem
1638 2213 1774 2245 redeunt
1804 2214 1835 2245 in
1866 2217 1959 2245 textu

299 2268 452 2309 pleniora.
500 2267 596 2297 verba
627 2267 656 2298 in
682 2267 844 2298 Marciano
876 2273 963 2299 recte
989 2267 1105 2299 tradita
1135 2267 1254 2298 librarii
1279 2267 1478 2299 recentiores
1501 2276 1600 2308 saepe
1630 2266 1714 2297 male
1747 2268 1959 2308 corruperunt

299 2320 347 2350 vel
374 2319 566 2350 breviarunt.
593 2319 735 2361 exempli
760 2330 857 2350 causa

403 2393 427 2410 e.
446 2383 499 2410 2515:
525 2390 619 2421 quam
645 2380 674 2410 in
700 2380 852 2422 Aegypto
879 2379 996 2411 Isidem
1022 2379 1182 2422 vocatam]
1212 2390 1306 2421 quam
1332 2380 1362 2410 in
1388 2383 1544 2422 egyptum
1569 2383 1715 2410 vocatam
1735 2378 1778 2410 A·

403 2453 428 2471 e.
447 2444 502 2470 2313:
530 2451 624 2482 quem
649 2441 784 2482 Sei-apin
810 2441 937 2481 vocant}
963 2451 1058 2482 quem
1083 2440 1211 2482 serapin
1236 2440 1340 2471 solent
1365 2440 1531 2482 appellare
1549 2439 1591 2470 A·¹

403 2514 428 2532 e.
449 2505 525 2532 2105:
552 2501 611 2531 hor:
637 2507 783 2543 tempore
808 2502 921 2532 claruit
948 2502 1144 2544 Pomponius
1162 2501 1205 2532 A*

404 2576 429 2593 e.
448 2565 509 2591 231⁵,ss
540 2562 568 2592 in
601 2562 772 2592 amicitiam
803 2562 870 2593 eins
905 2563 1138 2594 interueniente
1171 2567 1283 2593 senatu
1315 2561 1397 2593 redit
1424 2572 1482 2593 om.
1506 2562 1558 2599 A·,
1587 2561 1729 2592 <retinens
1758 2559 1959 2600 principium

456 2614 613 2644 Antonius
638 2619 806 2655 superatus
831 2615 871 2644 ab
897 2614 1057 2655 Augusto.

405 2687 430 2705 e.
456 2678 532 2705 12:3⁸.
562 2675 613 2716 qui
646 2685 720 2705 mox
752 2675 892 2716 privatus
923 2686 1022 2716 regno
1047 2675 1162 2705 (lothis
1191 2674 1347 2715 cohaesit]
1378 2674 1430 2716 qui
1455 2684 1530 2705 mox
1562 2673 1704 2716 priuatur
1727 2682 1828 2714 regno
1852 2671 1958 2714 gothis

456 2727 549 2757 cessit
569 2727 624 2766 A'¹‚
649 2726 700 2768 qui
728 2737 801 2757 mox
827 2727 972 2768 priuatur
997 2738 1095 2768 regno
1119 2726 1226 2768 gothis
1245 2726 1283 2757 A·

301 2795 513 2827 Nihilominus
548 2796 762 2828 deterioribus
796 2807 858 2827 non
893 2801 980 2828 recte
1013 2806 1206 2828 careremus,
1262 2806 1335 2827 nan]
1370 2806 1432 2827 non
1467 2795 1570 2827 solum
1608 2805 1691 2837 quae
1727 2794 1759 2826 in
1797 2793 1958 2825 Marciano
