2118 3122
896 151 1047 178 ΙἸἈΙΛΨΛ.
1739 156 1800 185 :5:59

569 236 797 269 Al'I'TAlfII
823 237 1106 269 IIAVNIENs‘JS
1132 238 1376 269 JcXTRJa'MA.

172 288 458 330 14.12angoba1·dis
487 294 559 331 post
584 289 804 319 Autlicrenem
831 293 945 330 regnat
971 289 1134 330 Agilulfus
1159 290 1212 331 qui
1237 294 1268 320 et
1293 290 1364 330 Ago
1389 301 1461 321 ann.
1486 290 1592 321 XXV.

170 343 218 372 15.
233 340 396 382 Agilull'us
421 340 687 381 gloriosissinmm
712 340 973 372 'l'licudelindam
1000 342 1144 382 reginam
1170 342 1230 373 sibi
1255 342 1461 373 matrimonio
1487 343 1662 384 copulavit.

171 394 218 423 16.
232 391 396 423 Romanos
421 396 534 422 contra
558 402 592 422 sc
617 391 809 423 dimicantes
833 391 952 422 devicit
976 396 1073 433 atque
1099 393 1272 434 prostravit
1288 393 1448 435 urbesque
1470 394 1598 427 multas.
1623 405 1706 435 quae
1732 394 1798 425 lto-

232 454 326 475 mano
345 443 507 485 praesidio
525 443 729 477 tenebantur,
755 443 961 477 Cremonam.
981 443 1162 477 Brixillum.
1181 444 1345 475 Mantuam
1363 445 1532 476 suricarias
1552 445 1704 486 (fortusse
1722 446 1796 477 sub-

232 495 425 528 urbicariam
450 500 562 536 captas
586 495 684 526 diruit
707 505 744 526 ac
769 495 838 525 solo
863 496 1025 536 aequavit.

170 546 436 579 17.Post1·emu1n
469 557 540 577 cum
575 547 671 577 totius
702 546 816 577 robore
848 546 962 587 (robur
986 546 1037 583 II)
1074 547 1238 578 exercitus
1269 547 1308 578 ad
1337 547 1538 579 obsidionem
1563 548 1651 579 urbis
1679 549 1798 580 Itomae

233 598 377 640 perrexit
402 598 508 639 ibique
534 608 606 629 cum
633 598 762 629 beatum
789 597 993 639 Gregorium.
1024 599 1078 640 qui
1103 602 1177 629 tunc
1210 599 1341 639 egregie.
1367 599 1503 639 regebat
1528 600 1712 634 ecclesiam.
1738 601 1798 632 sibi

232 649 272 680 ad
297 649 418 690 gradus
444 649 598 680 basilicae
625 649 711 680 beati
737 649 825 680 Petri
850 650 1071 691 aposttssorum
1095 650 1249 692 principis
1274 654 1499 681 occurrentem
1518 652 1703 693 reperisset.
1729 652 1798 683 eius

232 700 338 741 (cuius
357 700 407 741 Ill)
430 701 579 742 precibus
600 701 720 732 fractus
745 705 776 731 ct
801 701 962 743 sapientia
987 707 1084 743 atque
1103 702 1266 743 religionis
1283 702 1442 743 gravitate
1461 703 1540 733 tanti
1559 703 1617 734 viri
1635 708 1798 745 permotus

233 752 274 783 ab
299 752 388 783 urbis
413 752 580 784 obsidione
611 752 769 783 abscedit.
816 763 854 783 ca
880 756 1003 786 tamen⁴
1036 763 1119 794 quac
1144 758 1290 794 ceperat,
1320 754 1423 784 tenuit
1448 764 1484 784 ac
1511 765 1583 785 sese
1609 754 1798 795 regrediens

233 803 467 835 Mediolanium
493 804 658 846 recepit.¹)

172 855 219 886 18.
232 854 452 886 Romanorum
470 855 565 886 121111
591 856 740 897 regnavit
758 854 915 888 Eraclius.
941 855 993 896 qui
1012 866 1095 886 nunc
1113 855 1210 887 XXX
1236 857 1362 898 imperii
1381 857 1448 897 agit
1465 868 1594 888 annum.
1626 857 1798 888 Heraclius

233 906 297 947 (cr-
316 905 368 947 H)
391 906 492 937 filium
518 905 706 938 Heraclium
732 907 797 947 (er-
816 906 867 947 H)
893 906 1142 938 Constantinum
1167 912 1351 939 consortem
1377 909 1467 949 regni
1493 908 1612 948 sacit.²)

171 959 219 989 19.
234 957 323 989 Persi
348 957 505 989 adversus
532 970 598 989 rem
622 958 784 1000 publicam
810 958 1000 990 dimicantes
1025 959 1065 990 ad
1091 958 1300 990 Calcidonam
1325 970 1427 1001 usque
1452 961 1712 1002 pervenerunt.³)

168 1010 218 1040 2⁰.
232 1009 305 1040 Alia
331 1020 406 1040 vero
436 1020 477 1040 ex
508 1014 598 1051 parte
625 1010 730 1041 Chuni
763 1021 887 1041 murum
918 1011 1048 1052 longum
1079 1011 1300 1053 inrumpentes
1330 1016 1362 1042 et
1386 1012 1425 1043 ad
1453 1013 1581 1043 moenia
1605 1012 1799 1044 aecedentes

233 1072 304 1092 cum
330 1061 483 1092 Heraclio
508 1062 573 1102 (er-
594 1061 643 1102 II)
669 1063 698 1092 in
724 1063 804 1092 muri
827 1073 902 1094 arce
927 1062 1077 1094 adstante
1101 1063 1338 1104 conloquuntur
1363 1067 1564 1105 acceptoque
1582 1064 1622 1095 ab
1640 1075 1678 1095 eo
1695 1065 1799 1106 pretio

234 1112 433 1152 1·eccdunt.⁴)

169 1165 219 1195 21.
233 1164 382 1195 Eraclius
401 1163 625 1196 Eleutlierium
643 1165 683 1196 ad
702 1165 854 1196 tuendam
872 1170 996 1207 partem
1018 1166 1140 1198 ltaliae.
1160 1177 1255 1208 quam
1277 1165 1417 1197 nondum
1434 1165 1641 1208 Langobardi
1660 1178 1800 1209 occupa-

233 1219 356 1247 verant.
382 1216 522 1255 mittit.⁵)

169 1268 220 1298 22.
235 1266 444 1298 Eleutherius
463 1266 618 1298 adversus
632 1267 865 1309 Longobardos
883 1278 983 1309 saepe
1001 1269 1079 1299 inito
1098 1268 1182 1299 bello
1199 1269 1337 1300 vincitur
1353 1280 1411 1311 per
1429 1269 1639 1300 Sundrarium
1658 1270 1800 1301 maxime

234 1319 524 1360 Longobardorum
549 1319 675 1354 ducem,
699 1320 752 1361 qui
774 1319 858 1361 apud
878 1320 1058 1361 Agilulfum
1076 1320 1203 1351 bellicis
1222 1321 1317 1352 rebus
1334 1321 1510 1352 instructus
1529 1325 1607 1352 crat.
1643 1322 1800 1355 (animum

235 1371 345 1402 inserit
358 1370 555 1411 IIirschfhld)
572 1372 725 1402 amiserat
738 1371 948 1402 Eleutlierius
965 1375 997 1402 et
1013 1382 1084 1402 cum
1103 1382 1202 1414 saepe
1220 1382 1350 1403 suorum
1368 1373 1492 1403 ruinam
1511 1377 1669 1405 cerneret.
1688 1383 1800 1414 pacem

234 1433 306 1454 eum
323 1422 548 1464 Longobardis
573 1423 660 1461 facit,
691 1433 730 1454 ca
753 1427 863 1454 tamen
887 1423 1087 1456 condicione,
1111 1427 1146 1454 ut
1170 1424 1313 1466 quinque
1338 1425 1537 1461 centenaria,
1562 1435 1645 1466 quae
1670 1424 1801 1456 dudum.

234 1485 306 1505 cum
331 1473 370 1505 ad
396 1473 607 1505 obsidendam
626 1474 761 1506 Romam
778 1474 942 1516 Agilulfus
966 1486 1024 1507 rex
1042 1476 1196 1511 venisset,
1221 1486 1278 1518 per
1295 1476 1439 1517 singulos
1456 1486 1559 1507 annos
1577 1475 1653 1507 dare
1672 1476 1801 1517 Longo-

236 1525 342 1561 bardis
368 1529 557 1559 statuerant,
582 1526 806 1567 persolverent
830 1525 977 1557 Romani.

169 1576 445 1608 23.Eleutherius
481 1588 552 1608 cum
594 1588 672 1619 erga
710 1589 744 1609 se
775 1578 1066 1620 Longobardorum
1103 1582 1233 1620 gentem
1268 1582 1417 1620 pacatam
1454 1578 1596 1612 videret,
1633 1579 1802 1620 imperium

234 1632 370 1660 conatur
393 1629 533 1670 (imperii
567 1632 703 1660 conatus
727 1629 778 1670 H)
810 1630 990 1671 suscipere.
1042 1629 1099 1661 sed
1124 1640 1195 1661 eum
1226 1630 1289 1661 iam
1321 1640 1496 1672 purpuram
1522 1629 1681 1661 induisset
1705 1635 1802 1672 atque

237 1690 389 1711 coronam
414 1680 475 1711 sibi
500 1680 568 1711 dari
592 1684 805 1722 poposceret.
832 1681 1027 1712 venerabilis
1052 1681 1110 1712 viri
1136 1681 1291 1712 Iohannis
1317 1681 1502 1713 interventu
1531 1681 1735 1713 adhortatur.
1768 1686 1803 1712 ut

235 1731 275 1762 ad
300 1731 438 1763 Romam
468 1737 635 1773 pergeret,
666 1736 762 1773 atque
793 1732 851 1764 ibi.
883 1732 936 1763 ubi
966 1733 1092 1774 imperii
1121 1732 1236 1763 solium
1267 1736 1429 1765 maneret.
1461 1743 1613 1764 eoronam
1648 1737 1801 1764 sumeret.

234 1782 320 1825 quod
348 1783 514 1814 consilium
540 1788 643 1814 ratum
674 1783 819 1814 iudicans
851 1783 1027 1815 obaudivit.
1079 1783 1136 1815 sed
1161 1788 1306 1815 temerae
1331 1785 1551 1826 usurpationis
1575 1784 1711 1815 audacia
1736 1795 1799 1815 non

234 1836 288 1866 diu
313 1836 433 1878 potitus
465 1839 523 1865 cst.
570 1845 642 1866 nam
670 1845 742 1866 cum
768 1846 786 1866 a
810 1835 967 1866 Ravenna
991 1835 1154 1876 profectus
1185 1839 1336 1876 pergeret
1361 1834 1513 1869 Romam,
1545 1835 1629 1877 apud
1657 1840 1799 1866 castrum

235 1886 379 1918 Luciolis
404 1887 514 1928 paucis
540 1887 602 1917 iam
629 1896 686 1917 suo
712 1887 826 1917 itinere
851 1886 1080 1917 comitantibus
1105 1897 1123 1917 a
1148 1886 1304 1917 militibus
1330 1886 1530 1917 interficitur.

170 1939 220 1971 24.
236 1938 364 1969 Mortuo
398 1937 484 1979 apud
519 1937 749 1968 Mediolanium
788 1937 883 1977 (—nim
908 1937 957 1977 H)
991 1937 1135 1978 Agilulfo
1164 1937 1326 1968 Adaluual
1364 1938 1450 1969 filius
1485 1939 1554 1969 eius
1590 1948 1660 1969 cum
1698 1942 1800 1968 matre

235 1989 459 2020 Tlicudclinda
484 1989 575 2030 regui
600 1999 708 2020 curam
734 1989 876 2030 suscepit
902 1989 1114 2030 regnavitque
1139 1999 1210 2019 eum
1235 1994 1337 2020 matre
1362 1990 1454 2020 annis
1479 1989 1603 2021 decem.

254 2110 277 2137 1)
298 2110 444 2141 Sequuntur
464 2118 551 2142 palme
577 2109 688 2133 Sabinus
711 2113 733 2133 el
753 2109 879 2141 Bonifatii
902 2109 953 2133 duo
975 2118 1054 2140 supra
1070 2111 1156 2140 p.·.171
1176 2118 1195 2133 c.
1211 2111 1313 2133 feli—58
1409 2110 1434 2133 22
1456 2110 1496 2136 Cf.
1512 2109 1642 2134 Isidorus:
1666 2110 1800 2134 Heraclius

147 2153 238 2178 deliine
257 2153 376 2184 quintum
394 2153 447 2185 agit
467 2153 564 2184 imperii
583 2160 686 2176 nimum.
717 2152 770 2183 filii
790 2161 839 2175 non
859 2152 976 2176 meminit.
1072 2152 1097 2179 3)
1118 2151 1232 2176 Redeunt
1251 2152 1312 2176 haec
1331 2153 1357 2176 ιἰι
1375 2153 1490 2176 auclara·
1512 2152 1624 2176 Isidori.-
1643 2153 1719 2177 huius
1739 2158 1799 2176 tem-

149 2204 208 2228 pore
227 2196 296 2220 Persi
315 2196 489 2220 Caleni-»niam
509 2203 589 2227 usque
609 2200 786 2227 pervenerunt.
892 2194 917 2219 4)
935 2194 1048 2219 Redeunt
1067 2195 1092 2218 in
1111 2195 1195 2219 eodem
1217 2196 1345 2219 auctario.-
1366 2196 1441 2219 llunc
1461 2204 1559 2219 murum
1580 2196 1684 2227 longum
1704 2196 1798 2219 iurum2

147 2243 236 2271 pentes
259 2244 284 2262 ct
306 2238 337 2262 ud
362 2239 460 2262 moenia
483 2238 716 2270 Constantinopolis
743 2238 936 2270 peraccedentes
963 2246 1020 2262 eum
1046 2237 1173 2269 praedicto
1198 2238 1347 2270 imperat->re
1374 2243 1462 2262 mutin·
1487 2239 1511 2262 in
1537 2247 1608 2262 muro
1633 2244 1717 2263 stante
1742 2247 1800 2262 con-

148 2281 299 2313 loquuntur:
319 2282 362 2313 qui
381 2285 511 2313 acceptum
531 2281 638 2313 pretium
657 2281 690 2305 ab
709 2288 738 2305 ct.»
758 2281 826 2312 pacis
844 2281 875 2304 ad
895 2286 993 2312 tempus
1008 2281 1135 2304 recedunt.
1223 2280 1251 2304 f»
1271 2281 1464 2313 scquiturpapo
1482 2281 1655 2313 Deustleditp.
1670 2283 1799 2305 271059.
