2118 3122
165 209 220 238 162

242 303 264 327 'l'
298 296 353 325 'lli‘

243 406 264 430 ἰ’
299 399 352 428 27*

159 665 177 688 Ι,
187 665 254 689 ἠπ
295 658 344 687 2s.

159 768 177 792 Ι,
188 768 254 792 1Ἰ·“ι,”
295 761 343 789 29.

159 925 175 948 Ι.
187 924 253 948 ἸἮΗ
294 917 342 945 3⁰.

159 1027 176 1051 Ι.
187 1027 253 1051 ΤΗὶ
294 1020 343 1048 31.

184 1131 253 1155 Ι.1”1ι”
294 1124 358 1154 32’“.

155 1909 174 1933 Ι,
185 1909 251 1933 ΤΗι
291 1903 340 1931 33.

155 2066 174 2090 Ι,
184 2066 251 2090 1Ἰ-·ι.’
291 2060 342 2089 3-1.

179 2587 249 2612 mv}
289 2581 339 2611 305.

206 2644 250 2668 Ι.ι;
291 2637 340 2666 37.

180 2695 250 2720 Ι,]-ἰ;
290 2689 339 2718 15⁸³.

356 319 361 324 .
380 294 494 325 «lurein
514 294 598 324 vitae
620 298 796 324 auctorem.
820 293 874 334 qui
891 293 1061 324 suscitavit

357 423 363 430 .
382 397 455 440 lpse
474 397 558 428 euim
575 396 653 427 soth
671 401 704 427 ut
725 407 774 427 re-

906 206 1011 232 LIBER
1031 206 1078 232 GE
1085 205 1228 232 NEALOG
1234 206 1276 232 VS

1195 302 1216 326 J„
1255 292 1321 325 213».
1340 304 1398 334 per
1427 293 1659 335 generationes
1693 293 1839 334 singulas
1871 293 1932 325 sibi
1965 294 2015 326 in-

1321 344 1423 376 vicem
1449 345 1702 377 succedentium.

1478 405 1504 430 lv·
1539 398 1603 428 270.
1627 397 1704 428 seth
1757 397 1870 437 genuit
1919 396 2015 437 Enos,

1605 449 1697 480 cuius
1743 458 1860 479 nomen
1906 448 2017 491 lingua

1608 499 1725 531 Latina
1745 499 1943 532 obliviscens
1965 500 2014 532 di-

1607 551 1699 584 citur.

365 346 394 376 iu
408 358 441 376 se
453 350 483 375 et
497 356 553 387 per
564 344 625 386 {sel
638 344 758 385 (omT)
769 355 880 376 semen
894 345 1060 376 iustorum.

832 406 878 430 Lo·
918 397 985 428 27''.
1002 396 1077 438 lpse
1095 400 1145 428 est
1162 396 1263 435 (euim
1281 396 1338 427 ins.
1352 396 1395 437 G)

986 448 1042 479 Set
1063 449 1116 490 qui
1138 448 1251 489 genuit
1269 448 1395 479 Aeuas:

986 500 1097 531 Aenas
1129 509 1223 538 genos
1253 510 1333 531 enos
1355 500 1398 540 G)

985 552 1070 583 enim
1122 552 1233 593 lingua
1280 550 1397 582 Latina

986 603 1181 635 obliviscens
1205 603 1330 634 dicitur.

363 655 461 686 ‘Euns
485 654 607 695 genuit*
623 654 676 695 (de
698 655 768 697 ipso
786 659 881 686 natus
905 659 954 687 est
968 655 1045 689 LG)
1064 656 1188 687 Caiuan
1209 655 1363 690 (chainan
1380 655 1430 690 L),
1455 656 1546 686 cuius
1566 666 1682 687 nomen
1701 655 1886 698 appellatur
1902 659 2016 688 natura

361 707 528 745 math-itus
546 707 586 745 L)
612 706 674 738 dei.

361 758 456 793 (Nam
490 759 559 800 ipse
587 758 753 797 ‹1dd.LG)
785 758 909 789 Caiuau
942 758 1093 799 (chainan
1117 758 1158 799 L)
1189 759 1303 799 genuit
1332 758 1507 790 Maleleliel
1539 759 1686 800 (malelel
1707 759 1746 795 L,
1780 759 1953 791 malalchel
1974 759 2014 798 F,

362 811 510 842 malaleel
530 812 585 850 G).
610 811 712 842 *cuius
738 821 854 842 nomen
879 810 1004 842 dicitur'
1030 818 1069 849 (c.
1094 822 1123 842 ιι.
1148 810 1225 842 dicit
1248 811 1285 844 L,
1311 811 1364 852 qui
1397 811 1649 852 interpraetatur
1668 811 1711 852 T)
1742 811 1900 854 plantatio
1931 811 2014 853 (mu-

362 863 442 894 tatio
460 862 502 902 L)
526 862 588 893 dei.

361 914 419 955 (Et
443 914 500 945 ins.
517 913 592 954 LG)
618 913 791 946 Malclchel
817 914 961 953 (malelel
979 914 1017 947 L.
1048 915 1198 946 malaleel
1217 914 1262 955 G)
1290 915 1404 956 genuit
1428 914 1516 946 Iaret
1544 915 1651 953 (iared
1666 915 1750 957 TG),
1783 915 1874 947 euius
1898 926 2015 947 nomen

361 966 543 997 'descensio
567 965 694 997 dicitur'
720 966 852 1007 (dicitur
876 966 1050 997 disscessio
1068 966 1108 1004 Γ,
1136 967 1390 1009 interpraetatur
1413 967 1585 999 descensio
1606 967 1660 1007 T).

362 1017 481 1048 *lareth
505 1017 609 1057 (iared
629 1017 672 1058 T)
696 1017 819 1059 genuit*
847 1018 901 1058 (de
932 1019 1001 1060 ipso
1034 1022 1129 1050 natus
1160 1023 1209 1050 cst
1228 1019 1301 1060 LG)
1326 1018 1439 1050 Enoch
1472 1019 1563 1050 cuius
1594 1030 1710 1051 nomeu
1735 1018 1863 1051 ‘Latina
1893 1018 2014 1061 lingua’

361 1069 405 1108 (·“
429 1081 486 1101 nm.
505 1069 549 1109 F)
579 1070 744 1101 renovatio
769 1072 946 1109 (renovans
966 1069 1010 1110 T)
1035 1070 1269 1112 interpretatur
1293 1070 1427 1111 (dicitur
1445 1070 1498 1110 T).

375 1122 448 1163 quia
463 1121 544 1153 deus
563 1133 620 1164 per
639 1122 744 1164 ipsum
762 1122 847 1164 (ipso
863 1122 906 1163 G)
925 1132 1059 1153 renova-
1199 1132 1222 1156 Τ
1256 1124 1321 1155 32”’.
1339 1122 1451 1154 Enoch
1473 1133 1569 1164 quem
1594 1133 1666 1153 eum
1692 1122 1810 1154 iustum
1836 1121 2016 1154 invenisset

361 1179 452 1205 turus
491 1179 539 1204 est
579 1173 732 1205 mundum
769 1174 799 1205 in
836 1174 897 1205 illis
932 1174 1058 1207 dicbus.
1320 1174 1482 1206 dominus.
1520 1178 1695 1216 antequam
1727 1185 1800 1206 eum
1832 1174 2014 1213 tranferret,

361 1225 488 1267 quando
518 1226 740 1257 Antichristus
772 1225 905 1257 multam
931 1225 995 1266 (-ta
1015 1227 1058 1266 G)
1318 1227 1432 1267 genuit
1469 1227 1695 1265 Mattusalam,
1739 1226 1793 1268 qui
1836 1237 1901 1257 una
1942 1235 2013 1257 cum

364 449 521 480 surrectio
546 448 657 489 genuit
675 447 774 480 Enos-

361 501 414 542 qui
439 500 622 542 appellatus
645 505 695 531 est
713 499 775 530 La-

363 553 427 583 tiua
458 552 566 593 lingua
596 551 774 582 renovatio.

359 1278 457 1309 l'aciet
482 1278 710 1309 vastationem:
737 1282 812 1309 tuuc
837 1278 907 1320 ipse
932 1282 965 1309 et
988 1278 1057 1309 lle-

360 1329 419 1360 lias
437 1329 540 1365 (eleas
555 1329 603 1370 F)
622 1330 716 1360 simul
735 1330 945 1372 profetabunt
969 1330 1057 1362 mille

358 1380 508 1412 ducentis
525 1382 579 1422 (-ti
596 1381 633 1412 L.
654 1387 720 1413 -tos
737 1382 780 1423 (τ’)
798 1382 971 1424 sexaginta
988 1382 1055 1414 dic-

360 1433 428 1465 bus.
444 1438 475 1465 et
491 1433 662 1465 interficiet
679 1444 736 1465 eos
751 1434 985 1471 Antichristus,
1004 1434 1057 1466 ubi

360 1491 391 1516 et
415 1485 562 1516 dominus
581 1495 692 1517 eorum
711 1486 885 1518 crucifixus
907 1490 967 1518 est.
1000 1486 1057 1518 sed

360 1548 399 1568 ne
417 1537 488 1579 quis
505 1537 602 1569 dicat.
627 1537 701 1579 quia
717 1537 818 1579 (quod
835 1538 876 1578 L)
894 1538 925 1569 in
940 1537 1057 1569 Hiero-

359 1589 491 1630 solymis
535 1589 761 1630 (hierusalima
791 1589 836 1628 G,
889 1589 1057 1622 hierosoli-

360 1651 445 1671 mam
458 1641 506 1682 F)
525 1641 767 1683 crucifiguntur,
792 1641 846 1673 ubi
865 1645 897 1673 et
911 1642 1058 1674 Christus

359 1692 507 1724 dominus
521 1693 564 1734 (d.
577 1693 642 1724 chr.
653 1694 683 1723 G
690 1694 713 1727 b.
733 1693 798 1724 chr.
808 1704 865 1724 om.
877 1695 940 1735 (μ)
954 1695 1056 1726 cruci-

359 1744 443 1776 fixus
461 1749 521 1777 est.
546 1745 617 1777 ‘hoe
632 1745 742 1788 utique
759 1745 847 1785 dicit,
871 1745 927 1777 ubi
951 1752 984 1778 et
1001 1746 1057 1778 do-

360 1797 465 1828 minus
494 1807 606 1828 eorum
636 1797 810 1829 crucifixus
841 1802 905 1833 est,
937 1797 968 1829 id
997 1797 1057 1830 est*

359 1849 380 1885 (·
401 1848 407 1854 “
433 1860 490 1880 mn.
508 1849 556 1889 F)
580 1849 611 1880 in
637 1860 736 1889 regno
761 1849 919 1882 Romano.

1320 1278 1440 1310 Ilclian
1465 1278 1628 1321 oportevit
1645 1278 1840 1321 prophetare
1858 1278 1889 1310 in
1906 1278 2013 1310 novis-

1320 1331 1401 1362 simo
1439 1333 1585 1372 tempore
1623 1330 1736 1362 diebus
1770 1330 1858 1362 mille
1887 1329 2013 1370 OGLX,

1319 1393 1399 1424 quos
1429 1386 1462 1414 et
1492 1383 1665 1414 interficiet
1690 1381 1926 1421 Antichristus,
1956 1382 2012 1414 ubi

1320 1439 1353 1467 et
1375 1434 1524 1466 dominus
1548 1445 1659 1466 corum
1685 1435 1858 1466 crucifixus
1888 1437 1952 1473 cst,
1981 1434 2013 1466 in

1319 1498 1418 1528 regno
1449 1487 1560 1529 utique
1590 1486 1753 1525 Romano,
1786 1497 1849 1518 non
1882 1486 1914 1518 in
1938 1485 2013 1518 Cal-

1318 1539 1429 1571 variae
1454 1540 1569 1572 locum.

293 2215 356 2244 ·”·“.
376 2213 517 2245 Lamech
542 2214 656 2255 genuit
681 2214 762 2246 Noe.
795 2215 848 2256 qui
874 2215 1053 2257 interprae-

359 1900 452 1932 ·Nam
471 1900 551 1942 ipse*
571 1901 640 1941 (um.
657 1900 700 1941 T)
728 1900 840 1932 Enoch
861 1903 976 1942 genuit
998 1902 1193 1935 Matusalam
1211 1903 1432 1942 (mattusalam
1451 1903 1505 1944 T),
1524 1907 1708 1945 ‘antequam
1726 1903 1921 1934 transferret
1938 1912 2010 1934 eum

357 1954 437 1985 deus
455 1954 484 1985 in
502 1964 598 1985 curru
615 1955 710 1995 igneo
728 1958 761 1985 et
774 1954 1002 1986 sublevaretur
1019 1955 1050 1987 in
1069 1955 1171 1987 caelo*
1185 1956 1209 1995 (⁴
1225 1955 1232 1966 ³
1247 1967 1303 1987 om.
1315 1954 1435 1993 LTF).
1450 1955 1513 1997 'qui
1528 1955 1618 1997 (quia
1631 1955 1676 1995 G)
1690 1955 1851 1986 Matusala
1863 1955 1959 1997 (-lam
1970 1953 2010 1994 G,

358 2017 415 2037 om.
432 2006 476 2046 F)
506 2006 621 2037 Latine
646 2006 762 2046 (latina
786 2006 895 2048 lingua
912 2008 956 2047 G)
982 2006 1243 2049 interpraetatur*
1268 2007 1383 2041 (·cuius
1408 2018 1524 2038 nomen
1550 2005 1743 2049 appellatur’
1759 2007 1804 2049 T)
1829 2007 1956 2039 missus.

360 2057 565 2089 ·)Iattisalam
600 2058 822 2095 (mattusalem
845 2058 888 2098 T)
918 2058 1039 2100 genuit'
1074 2059 1128 2099 (de
1159 2060 1229 2101 ipso
1262 2064 1357 2090 natus
1391 2063 1441 2091 est
1462 2058 1536 2099 LG)
1568 2059 1726 2094 Lamech,
1760 2059 1862 2091 ‘cuius
1893 2068 2010 2090 nomen

360 2120 416 2151 per
439 2110 510 2144 (om.
529 2109 577 2149 Fi)
603 2109 926 2151 interpraetationcm
951 2110 1057 2142 bonae
1084 2111 1201 2142 mentis
1225 2110 1372 2142 dicimus*
1398 2111 1441 2150 (b.
1467 2122 1505 2142 ιιι,
1531 2110 1700 2149 diciturF,
1724 2110 1843 2142 dicitur
1865 2110 1896 2142 b.
1913 2121 1955 2143 m.
1970 2109 2026 2150 G,·

361 2162 424 2203 ‘qui
450 2162 634 2204 appellatur
658 2162 762 2193 bonae
787 2162 913 2194 mentis·
935 2163 988 2204 T).

1135 2224 1208 2250 Mna,-
1249 2216 1315 2248 35⁹¹.
1334 2215 1464 2246 *Lamec
1495 2215 1609 2257 genuit
1631 2214 1711 2246 Noe*
1739 2214 1809 2256 (om.
1827 2214 1919 2256 LG):
1949 2215 2008 2246 iste

357 2270 445 2296 tatur
470 2265 611 2307 requies.
642 2266 794 2307 quoniam
820 2266 859 2297 de
885 2267 954 2308 ipso
980 2278 1051 2309 pro-

357 2317 470 2348 fetavit
496 2323 589 2359 pater
618 2317 687 2348 eius
717 2317 843 2349 dicens:
878 2318 929 2349 hic
960 2318 1053 2349 nobis

357 2368 444 2399 davit
476 2369 617 2410 requiem
648 2369 688 2400 ab
720 2369 867 2401 omnibus
899 2370 1053 2412 operibus

1315 2268 1400 2309 (ipsc
1423 2267 1498 2307 LG)
1529 2271 1579 2298 est
1608 2267 1729 2298 Lamec
1761 2267 1830 2307 (om.
1850 2266 1926 2307 LG)
1955 2265 2009 2310 qui

1315 2319 1521 2361 prophetavit
1544 2318 1584 2350 de
1614 2319 1680 2350 filio
1711 2329 1770 2350 suo
1799 2318 1926 2350 dicens:
1958 2317 2009 2349 hic

1315 2371 1406 2402 nobis
1452 2371 1544 2403 dabit
1589 2371 1732 2412 requiem
1779 2370 1819 2402 ab
1861 2369 2007 2401 omnibus

1314 2423 1468 2465 operibus
1500 2423 1631 2454 nostris:
1672 2433 1744 2454 nam
1781 2423 1851 2466 ipse
1883 2421 2008 2464 (genuit

1315 2474 1372 2505 ins.
1389 2474 1439 2513 1²)
1463 2473 1543 2513 Noe,
1568 2474 1609 2506 ‘id
1632 2473 1691 2506 est'
1717 2473 1802 2515 (ides
1819 2474 1857 2513 L,
1874 2473 1946 2506 idco
1963 2472 2007 2515 G)

1314 2526 1444 2568 requies
1469 2526 1664 2568 appellatur.

358 2422 486 2452 nostris.

359 2577 481 2622 incipit
512 2579 647 2617 (11!›1.l‘')
676 2578 780 2623 origo
810 2581 1054 2621 (generationes
1071 2583 1114 2622 (ι’)
1143 2580 1244 2617 Cuili-

357 2635 575 2666 'smnus-arnus
600 2635 638 2666 acl
665 2637 821 2674 originem
848 2637 926 2667 (fain
953 2642 985 2667 et
1009 2641 1085 2668 tum.-
1109 2637 1147 2668 ad
1174 2637 1419 2679 generationem
1444 2638 1514 2670 Noe
1540 2644 1740 2672 revertemur
1763 2639 1892 2679 (-timur
1910 2636 1954 2678 G)

360 2686 477 2717 Postea
496 2688 579 2729 (pm-t
596 2690 639 2726 li)
664 2698 759 2729 quam
785 2689 868 2719 enim
891 2689 989 2720 (enim
1015 2700 1109 2730 quam
1124 2689 1174 2729 F)
1192 2690 1272 2721 Cain
1291 2690 1422 2730 (oceidit
1440 2691 1523 2723 Abel
1543 2691 1601 2724 ivis.
1614 2691 1663 2733 F)
1687 2703 1706 2723 a
1729 2691 1791 2722 deo
1817 2689 2004 2722 maledictus

357 2739 471 2770 fuiunet
498 2745 561 2773 lent
577 2739 634 2776 1⁴¹).
661 2744 694 2770 ut
719 2751 779 2771 nec·¹
803 2741 972 2782 quisquam
999 2751 1071 2772 eum
1097 2741 1270 2774 occideret.
1295 2742 1423 2780 signum
1449 2743 1587 2786 adeptus
1612 2746 1711 2785 (-tum
1729 2742 1779 2784 F)
1804 2745 1855 2774 cst
1878 2741 2004 2780 malum,

253 2852 355 2875 ordinae
375 2852 408 2875 nic
427 2852 461 2875 lt}
474 2850 536 2875 455,
558 2853 591 2876 :zze
609 2852 632 2876 'I'
