<?xml version="1.0" encoding="UTF-8"?>
<!DOCTYPE html PUBLIC "-//W3C//DTD XHTML 1.0 Transitional//EN"
    "http://www.w3.org/TR/xhtml1/DTD/xhtml1-transitional.dtd">
<html xmlns="http://www.w3.org/1999/xhtml" xml:lang="en" lang="en">
 <head>
  <title>
</title>
<meta http-equiv="Content-Type" content="text/html;charset=utf-8" />
  <meta name='ocr-system' content='tesseract 3.04.00' />
  <meta name='ocr-capabilities' content='ocr_page ocr_carea ocr_par ocr_line ocrx_word'/>
</head>
<body>
  <div class='ocr_page' id='page_1' title='image "./monumentagermani09geseuoft_0407.png"; bbox 0 0 2118 3122; ppageno 0'>
   <div class='ocr_carea' id='block_1_1' title="bbox 775 130 1809 163">
    <p class='ocr_par' dir='ltr' id='par_1_1' title="bbox 775 130 1809 163">
     <span class='ocr_line' id='line_1_1' title="bbox 775 130 1809 163; baseline 0.003 -5"><span class='ocrx_word' id='word_1_1' title='bbox 775 130 938 158; x_wconf 73' lang='lat' dir='ltr'>EPITOMA</span> <span class='ocrx_word' id='word_1_2' title='bbox 961 131 1182 158; x_wconf 82' lang='lat' dir='ltr'>CIlRONlCON.</span> <span class='ocrx_word' id='word_1_3' title='bbox 1748 134 1809 163; x_wconf 78' lang='lat'>3-1‘.)</span> 
     </span>
    </p>
   </div>
   <div class='ocr_carea' id='block_1_2' title="bbox 150 217 1809 2834">
    <p class='ocr_par' dir='ltr' id='par_1_2' title="bbox 157 217 1808 304">
     <span class='ocr_line' id='line_1_2' title="bbox 157 217 1808 262; baseline -0.002 -10"><span class='ocrx_word' id='word_1_4' title='bbox 157 219 392 262; x_wconf 79' lang='lat' dir='ltr'>disquisitiones</span> <span class='ocrx_word' id='word_1_5' title='bbox 421 222 530 261; x_wconf 86' lang='lat' dir='ltr'>utpote</span> <span class='ocrx_word' id='word_1_6' title='bbox 559 229 621 250; x_wconf 93' lang='lat' dir='ltr'>non</span> <span class='ocrx_word' id='word_1_7' title='bbox 651 219 691 249; x_wconf 90' lang='lat' dir='ltr'>ab</span> <span class='ocrx_word' id='word_1_8' title='bbox 725 218 863 252; x_wconf 85' lang='lat' dir='ltr'>editore.</span> <span class='ocrx_word' id='word_1_9' title='bbox 888 218 945 250; x_wconf 82' lang='lat' dir='ltr'>sed</span> <span class='ocrx_word' id='word_1_10' title='bbox 969 230 986 249; x_wconf 87' lang='lat' dir='ltr'>a</span> <span class='ocrx_word' id='word_1_11' title='bbox 1013 229 1116 249; x_wconf 90' lang='lat' dir='ltr'>rerum</span> <span class='ocrx_word' id='word_1_12' title='bbox 1142 222 1303 258; x_wconf 82' lang='lat' dir='ltr'>gestarum</span> <span class='ocrx_word' id='word_1_13' title='bbox 1335 222 1518 249; x_wconf 87' lang='lat' dir='ltr'>enarratore</span> <span class='ocrx_word' id='word_1_14' title='bbox 1543 222 1574 248; x_wconf 88' lang='lat' dir='ltr'>et</span> <span class='ocrx_word' id='word_1_15' title='bbox 1599 217 1808 249; x_wconf 83' lang='lat' dir='ltr'>diiudieatore</span> 
     </span>
     <span class='ocr_line' id='line_1_3' title="bbox 158 271 349 304; baseline -0.016 0"><span class='ocrx_word' id='word_1_16' title='bbox 158 271 349 304; x_wconf 80' lang='lat' dir='ltr'>tractandas.</span> 
     </span>
    </p>

    <p class='ocr_par' dir='ltr' id='par_1_3' title="bbox 151 321 1809 1453">
     <span class='ocr_line' id='line_1_4' title="bbox 259 321 1807 364; baseline -0.002 -9"><span class='ocrx_word' id='word_1_17' title='bbox 259 323 418 355; x_wconf 84' lang='lat' dir='ltr'>Libellum</span> <span class='ocrx_word' id='word_1_18' title='bbox 442 326 553 353; x_wconf 86' lang='lat' dir='ltr'>auetor</span> <span class='ocrx_word' id='word_1_19' title='bbox 575 322 617 353; x_wconf 89' lang='lat' dir='ltr'>ad</span> <span class='ocrx_word' id='word_1_20' title='bbox 634 322 818 364; x_wconf 81' lang='lat' dir='ltr'>exemplum</span> <span class='ocrx_word' id='word_1_21' title='bbox 838 321 1027 364; x_wconf 73' lang='lat' dir='ltr'>Hieronymi</span> <span class='ocrx_word' id='word_1_22' title='bbox 1053 322 1095 352; x_wconf 89' lang='lat' dir='ltr'>ita</span> <span class='ocrx_word' id='word_1_23' title='bbox 1121 321 1288 355; x_wconf 73' lang='lat' dir='ltr'>ordinavit.</span> <span class='ocrx_word' id='word_1_24' title='bbox 1313 325 1346 352; x_wconf 90' lang='lat' dir='ltr'>ut</span> <span class='ocrx_word' id='word_1_25' title='bbox 1367 322 1610 363; x_wconf 85' lang='lat' dir='ltr'>generationum</span> <span class='ocrx_word' id='word_1_26' title='bbox 1637 326 1667 352; x_wconf 88' lang='lat' dir='ltr'>et</span> <span class='ocrx_word' id='word_1_27' title='bbox 1693 332 1807 362; x_wconf 77' lang='lat' dir='ltr'>regno-</span> 
     </span>
     <span class='ocr_line' id='line_1_5' title="bbox 156 372 1806 416; baseline -0.002 -8"><span class='ocrx_word' id='word_1_28' title='bbox 156 386 225 408; x_wconf 84' lang='lat' dir='ltr'>rum</span> <span class='ocrx_word' id='word_1_29' title='bbox 258 375 455 406; x_wconf 78' lang='lat' dir='ltr'>enumeratio</span> <span class='ocrx_word' id='word_1_30' title='bbox 488 375 628 416; x_wconf 86' lang='lat' dir='ltr'>itemque</span> <span class='ocrx_word' id='word_1_31' title='bbox 663 385 682 404; x_wconf 82' lang='lat' dir='ltr'>a</span> <span class='ocrx_word' id='word_1_32' title='bbox 715 374 862 416; x_wconf 70' lang='lat' dir='ltr'>passione</span> <span class='ocrx_word' id='word_1_33' title='bbox 898 373 970 405; x_wconf 88' lang='lat' dir='ltr'>inde</span> <span class='ocrx_word' id='word_1_34' title='bbox 1005 373 1046 404; x_wconf 85' lang='lat' dir='ltr'>ab</span> <span class='ocrx_word' id='word_1_35' title='bbox 1082 374 1150 416; x_wconf 72' lang='lat' dir='ltr'>ipso</span> <span class='ocrx_word' id='word_1_36' title='bbox 1185 372 1284 404; x_wconf 88' lang='lat' dir='ltr'>additi</span> <span class='ocrx_word' id='word_1_37' title='bbox 1315 373 1459 404; x_wconf 77' lang='lat' dir='ltr'>eonsules</span> <span class='ocrx_word' id='word_1_38' title='bbox 1491 376 1522 403; x_wconf 89' lang='lat' dir='ltr'>et</span> <span class='ocrx_word' id='word_1_39' title='bbox 1553 373 1614 404; x_wconf 86' lang='lat' dir='ltr'>alia</span> <span class='ocrx_word' id='word_1_40' title='bbox 1649 373 1806 415; x_wconf 85' lang='lat' dir='ltr'>quaedam</span> 
     </span>
     <span class='ocr_line' id='line_1_6' title="bbox 155 424 1808 470; baseline -0.001 -12"><span class='ocrx_word' id='word_1_41' title='bbox 155 428 280 470; x_wconf 86' lang='lat' dir='ltr'>potiora</span> <span class='ocrx_word' id='word_1_42' title='bbox 309 431 433 457; x_wconf 82' lang='lat' dir='ltr'>textum</span> <span class='ocrx_word' id='word_1_43' title='bbox 462 427 706 461; x_wconf 70' lang='lat' dir='ltr'>constituerent,</span> <span class='ocrx_word' id='word_1_44' title='bbox 736 426 783 457; x_wconf 70' lang='lat' dir='ltr'>his</span> <span class='ocrx_word' id='word_1_45' title='bbox 813 425 1032 457; x_wconf 86' lang='lat' dir='ltr'>memorabilia</span> <span class='ocrx_word' id='word_1_46' title='bbox 1066 425 1151 456; x_wconf 81' lang='lat' dir='ltr'>varia</span> <span class='ocrx_word' id='word_1_47' title='bbox 1182 424 1388 457; x_wconf 70' lang='lat' dir='ltr'>adderentur.</span> <span class='ocrx_word' id='word_1_48' title='bbox 1440 424 1481 456; x_wconf 92' lang='lat' dir='ltr'>ad</span> <span class='ocrx_word' id='word_1_49' title='bbox 1509 425 1682 456; x_wconf 72' lang='lat' dir='ltr'>seeundum</span> <span class='ocrx_word' id='word_1_50' title='bbox 1707 436 1808 465; x_wconf 75' lang='lat' dir='ltr'>genus</span> 
     </span>
     <span class='ocr_line' id='line_1_7' title="bbox 155 476 1809 522; baseline -0.002 -12"><span class='ocrx_word' id='word_1_51' title='bbox 155 479 316 522; x_wconf 77' lang='lat' dir='ltr'>pertinent</span> <span class='ocrx_word' id='word_1_52' title='bbox 344 482 503 510; x_wconf 78' lang='lat' dir='ltr'>eomnmta</span> <span class='ocrx_word' id='word_1_53' title='bbox 528 488 750 520; x_wconf 65' lang='lat' dir='ltr'>‹pinet-umque</span> <span class='ocrx_word' id='word_1_54' title='bbox 774 483 828 509; x_wconf 83' lang='lat' dir='ltr'>aut</span> <span class='ocrx_word' id='word_1_55' title='bbox 853 483 973 509; x_wconf 87' lang='lat' dir='ltr'>certum</span> <span class='ocrx_word' id='word_1_56' title='bbox 998 488 1113 508; x_wconf 86' lang='lat' dir='ltr'>annum</span> <span class='ocrx_word' id='word_1_57' title='bbox 1139 477 1370 518; x_wconf 81' lang='lat' dir='ltr'>praescriptum</span> <span class='ocrx_word' id='word_1_58' title='bbox 1395 477 1515 507; x_wconf 87' lang='lat' dir='ltr'>habent</span> <span class='ocrx_word' id='word_1_59' title='bbox 1539 487 1623 507; x_wconf 72' lang='lat' dir='ltr'>unm)</span> <span class='ocrx_word' id='word_1_60' title='bbox 1648 476 1698 507; x_wconf 79' lang='lat' dir='ltr'>illo</span> <span class='ocrx_word' id='word_1_61' title='bbox 1722 477 1809 516; x_wconf 73' lang='lat' dir='ltr'>reyni</span> 
     </span>
     <span class='ocr_line' id='line_1_8' title="bbox 154 528 1807 571; baseline -0.001 -9"><span class='ocrx_word' id='word_1_62' title='bbox 154 530 243 562; x_wconf 55' lang='lat' dir='ltr'>*illitos</span> <span class='ocrx_word' id='word_1_63' title='bbox 270 534 324 561; x_wconf 86' lang='lat' dir='ltr'>aut</span> <span class='ocrx_word' id='word_1_64' title='bbox 353 530 522 561; x_wconf 86' lang='lat' dir='ltr'>formulam</span> <span class='ocrx_word' id='word_1_65' title='bbox 553 541 587 560; x_wconf 78' lang='lat' dir='ltr'>eo</span> <span class='ocrx_word' id='word_1_66' title='bbox 615 532 747 569; x_wconf 65' lang='lat' dir='ltr'>lrmlmrc·</span> <span class='ocrx_word' id='word_1_67' title='bbox 775 530 966 563; x_wconf 78' lang='lat' dir='ltr'>similemve,</span> <span class='ocrx_word' id='word_1_68' title='bbox 997 540 1058 571; x_wconf 79' lang='lat' dir='ltr'>qua</span> <span class='ocrx_word' id='word_1_69' title='bbox 1091 528 1247 559; x_wconf 84' lang='lat' dir='ltr'>indicatur</span> <span class='ocrx_word' id='word_1_70' title='bbox 1276 539 1341 559; x_wconf 87' lang='lat' dir='ltr'>rem</span> <span class='ocrx_word' id='word_1_71' title='bbox 1372 528 1412 559; x_wconf 88' lang='lat' dir='ltr'>de</span> <span class='ocrx_word' id='word_1_72' title='bbox 1437 539 1497 570; x_wconf 87' lang='lat' dir='ltr'>qua</span> <span class='ocrx_word' id='word_1_73' title='bbox 1522 529 1626 569; x_wconf 77' lang='lat' dir='ltr'>agitur</span> <span class='ocrx_word' id='word_1_74' title='bbox 1650 539 1708 570; x_wconf 87' lang='lat' dir='ltr'>per</span> <span class='ocrx_word' id='word_1_75' title='bbox 1732 528 1807 560; x_wconf 88' lang='lat' dir='ltr'>illud</span> 
     </span>
     <span class='ocr_line' id='line_1_9' title="bbox 156 580 1806 625; baseline -0.002 -11"><span class='ocrx_word' id='word_1_76' title='bbox 156 583 292 625; x_wconf 84' lang='lat' dir='ltr'>spatium</span> <span class='ocrx_word' id='word_1_77' title='bbox 317 583 478 613; x_wconf 74' lang='lat' dir='ltr'>evenisse:</span> <span class='ocrx_word' id='word_1_78' title='bbox 505 592 698 624; x_wconf 84' lang='lat' dir='ltr'>quamquam</span> <span class='ocrx_word' id='word_1_79' title='bbox 725 582 753 612; x_wconf 93' lang='lat' dir='ltr'>in</span> <span class='ocrx_word' id='word_1_80' title='bbox 780 581 838 612; x_wconf 76' lang='lat' dir='ltr'>ha(-</span> <span class='ocrx_word' id='word_1_81' title='bbox 865 581 998 612; x_wconf 79' lang='lat' dir='ltr'>foi-inula</span> <span class='ocrx_word' id='word_1_82' title='bbox 1024 591 1093 611; x_wconf 89' lang='lat' dir='ltr'>eum</span> <span class='ocrx_word' id='word_1_83' title='bbox 1119 581 1189 611; x_wconf 80' lang='lat' dir='ltr'>libri</span> <span class='ocrx_word' id='word_1_84' title='bbox 1214 580 1386 611; x_wconf 87' lang='lat' dir='ltr'>admodum</span> <span class='ocrx_word' id='word_1_85' title='bbox 1412 581 1548 613; x_wconf 80' lang='lat' dir='ltr'>varient,</span> <span class='ocrx_word' id='word_1_86' title='bbox 1573 591 1806 622; x_wconf 69' lang='lat' dir='ltr'>saepenumero</span> 
     </span>
     <span class='ocr_line' id='line_1_10' title="bbox 155 633 1807 666; baseline -0.001 0"><span class='ocrx_word' id='word_1_87' title='bbox 155 635 310 666; x_wconf 86' lang='lat' dir='ltr'>incertum</span> <span class='ocrx_word' id='word_1_88' title='bbox 335 637 383 665; x_wconf 84' lang='lat' dir='ltr'>est</span> <span class='ocrx_word' id='word_1_89' title='bbox 406 634 525 665; x_wconf 87' lang='lat' dir='ltr'>librarii</span> <span class='ocrx_word' id='word_1_90' title='bbox 550 638 653 665; x_wconf 91' lang='lat' dir='ltr'>utrum</span> <span class='ocrx_word' id='word_1_91' title='bbox 679 633 865 665; x_wconf 73' lang='lat' dir='ltr'>addiderint</span> <span class='ocrx_word' id='word_1_92' title='bbox 887 645 957 665; x_wconf 89' lang='lat' dir='ltr'>eam</span> <span class='ocrx_word' id='word_1_93' title='bbox 983 645 1021 664; x_wconf 88' lang='lat' dir='ltr'>nn</span> <span class='ocrx_word' id='word_1_94' title='bbox 1039 634 1222 664; x_wconf 75' lang='lat' dir='ltr'>sustulerint</span> <span class='ocrx_word' id='word_1_95' title='bbox 1246 634 1375 665; x_wconf 89' lang='lat' dir='ltr'>arbitrio</span> <span class='ocrx_word' id='word_1_96' title='bbox 1401 644 1467 665; x_wconf 81' lang='lat' dir='ltr'>suo.</span> <span class='ocrx_word' id='word_1_97' title='bbox 1513 634 1573 665; x_wconf 87' lang='lat' dir='ltr'>hae</span> <span class='ocrx_word' id='word_1_98' title='bbox 1599 634 1807 666; x_wconf 67' lang='lat' dir='ltr'>indicationes</span> 
     </span>
     <span class='ocr_line' id='line_1_11' title="bbox 154 684 1806 728; baseline 0.001 -11"><span class='ocrx_word' id='word_1_99' title='bbox 154 684 386 728; x_wconf 78' lang='lat' dir='ltr'>respondentes</span> <span class='ocrx_word' id='word_1_100' title='bbox 409 684 598 728; x_wconf 73' lang='lat' dir='ltr'>Hieronymi</span> <span class='ocrx_word' id='word_1_101' title='bbox 622 686 725 727; x_wconf 79' lang='lat' dir='ltr'>spatio</span> <span class='ocrx_word' id='word_1_102' title='bbox 751 686 901 717; x_wconf 75' lang='lat' dir='ltr'>historico</span> <span class='ocrx_word' id='word_1_103' title='bbox 932 697 971 717; x_wconf 88' lang='lat' dir='ltr'>an</span> <span class='ocrx_word' id='word_1_104' title='bbox 996 685 1081 727; x_wconf 89' lang='lat' dir='ltr'>apud</span> <span class='ocrx_word' id='word_1_105' title='bbox 1107 685 1298 727; x_wconf 74' lang='lat' dir='ltr'>1‘1·osp‹.=runi</span> <span class='ocrx_word' id='word_1_106' title='bbox 1325 696 1450 728; x_wconf 83' lang='lat' dir='ltr'>quoque</span> <span class='ocrx_word' id='word_1_107' title='bbox 1475 691 1594 717; x_wconf 89' lang='lat' dir='ltr'>eertum</span> <span class='ocrx_word' id='word_1_108' title='bbox 1620 687 1723 718; x_wconf 82' lang='lat' dir='ltr'>locum</span> <span class='ocrx_word' id='word_1_109' title='bbox 1750 686 1806 718; x_wconf 88' lang='lat' dir='ltr'>ad-</span> 
     </span>
     <span class='ocr_line' id='line_1_12' title="bbox 153 736 1804 779; baseline 0.001 -11"><span class='ocrx_word' id='word_1_110' title='bbox 153 738 313 779; x_wconf 84' lang='lat' dir='ltr'>signatum</span> <span class='ocrx_word' id='word_1_111' title='bbox 337 736 521 771; x_wconf 77' lang='lat' dir='ltr'>habuerint,</span> <span class='ocrx_word' id='word_1_112' title='bbox 546 738 718 779; x_wconf 71' lang='lat' dir='ltr'>‹piam-itur.</span> <span class='ocrx_word' id='word_1_113' title='bbox 771 738 918 769; x_wconf 78' lang='lat' dir='ltr'>videntur</span> <span class='ocrx_word' id='word_1_114' title='bbox 942 738 1007 768; x_wconf 83' lang='lat' dir='ltr'>fere</span> <span class='ocrx_word' id='word_1_115' title='bbox 1043 738 1071 768; x_wconf 91' lang='lat' dir='ltr'>iu</span> <span class='ocrx_word' id='word_1_116' title='bbox 1098 738 1240 778; x_wconf 82' lang='lat' dir='ltr'>margine</span> <span class='ocrx_word' id='word_1_117' title='bbox 1265 737 1366 768; x_wconf 88' lang='lat' dir='ltr'>altero</span> <span class='ocrx_word' id='word_1_118' title='bbox 1392 742 1461 768; x_wconf 90' lang='lat' dir='ltr'>utro</span> <span class='ocrx_word' id='word_1_119' title='bbox 1486 738 1526 768; x_wconf 92' lang='lat' dir='ltr'>ab</span> <span class='ocrx_word' id='word_1_120' title='bbox 1552 742 1682 769; x_wconf 74' lang='lat' dir='ltr'>auctore</span> <span class='ocrx_word' id='word_1_121' title='bbox 1707 739 1804 769; x_wconf 88' lang='lat' dir='ltr'>collo-</span> 
     </span>
     <span class='ocr_line' id='line_1_13' title="bbox 154 787 1807 831; baseline 0 -11"><span class='ocrx_word' id='word_1_122' title='bbox 154 793 246 820; x_wconf 79' lang='lat' dir='ltr'>catae</span> <span class='ocrx_word' id='word_1_123' title='bbox 272 789 385 821; x_wconf 85' lang='lat' dir='ltr'>fuisse:</span> <span class='ocrx_word' id='word_1_124' title='bbox 416 788 473 820; x_wconf 85' lang='lat' dir='ltr'>sed</span> <span class='ocrx_word' id='word_1_125' title='bbox 498 789 564 820; x_wconf 86' lang='lat' dir='ltr'>tieri</span> <span class='ocrx_word' id='word_1_126' title='bbox 591 794 711 831; x_wconf 79' lang='lat' dir='ltr'>potest.</span> <span class='ocrx_word' id='word_1_127' title='bbox 743 796 776 819; x_wconf 90' lang='lat' dir='ltr'>ut</span> <span class='ocrx_word' id='word_1_128' title='bbox 806 794 918 820; x_wconf 78' lang='lat' dir='ltr'>auctor</span> <span class='ocrx_word' id='word_1_129' title='bbox 950 793 1119 830; x_wconf 84' lang='lat' dir='ltr'>praeterea</span> <span class='ocrx_word' id='word_1_130' title='bbox 1150 787 1411 819; x_wconf 72' lang='lat' dir='ltr'>adnotationibus</span> <span class='ocrx_word' id='word_1_131' title='bbox 1435 789 1625 830; x_wconf 73' lang='lat' dir='ltr'>quibusdam</span> <span class='ocrx_word' id='word_1_132' title='bbox 1657 790 1685 820; x_wconf 91' lang='lat' dir='ltr'>in</span> <span class='ocrx_word' id='word_1_133' title='bbox 1716 793 1807 820; x_wconf 85' lang='lat' dir='ltr'>textu</span> 
     </span>
     <span class='ocr_line' id='line_1_14' title="bbox 153 839 1806 883; baseline 0 -11"><span class='ocrx_word' id='word_1_134' title='bbox 153 841 256 873; x_wconf 83' lang='lat' dir='ltr'>locum</span> <span class='ocrx_word' id='word_1_135' title='bbox 281 840 406 871; x_wconf 85' lang='lat' dir='ltr'>dederit</span> <span class='ocrx_word' id='word_1_136' title='bbox 427 840 625 882; x_wconf 79' lang='lat' dir='ltr'>distinguens</span> <span class='ocrx_word' id='word_1_137' title='bbox 649 851 704 871; x_wconf 82' lang='lat' dir='ltr'>eas</span> <span class='ocrx_word' id='word_1_138' title='bbox 727 841 883 883; x_wconf 78' lang='lat' dir='ltr'>scriptura</span> <span class='ocrx_word' id='word_1_139' title='bbox 901 840 1036 871; x_wconf 79' lang='lat' dir='ltr'>diversa.</span> <span class='ocrx_word' id='word_1_140' title='bbox 1085 843 1155 871; x_wconf 84' lang='lat' dir='ltr'>utut</span> <span class='ocrx_word' id='word_1_141' title='bbox 1179 845 1237 877; x_wconf 71' lang='lat' dir='ltr'>ost.</span> <span class='ocrx_word' id='word_1_142' title='bbox 1263 839 1431 871; x_wconf 85' lang='lat' dir='ltr'>debuimus</span> <span class='ocrx_word' id='word_1_143' title='bbox 1455 851 1513 871; x_wconf 80' lang='lat' dir='ltr'>nos</span> <span class='ocrx_word' id='word_1_144' title='bbox 1537 852 1555 871; x_wconf 87' lang='lat' dir='ltr'>a</span> <span class='ocrx_word' id='word_1_145' title='bbox 1579 845 1670 872; x_wconf 76' lang='lat' dir='ltr'>textu</span> <span class='ocrx_word' id='word_1_146' title='bbox 1696 841 1806 873; x_wconf 83' lang='lat' dir='ltr'>distin-</span> 
     </span>
     <span class='ocr_line' id='line_1_15' title="bbox 153 891 1806 934; baseline 0 -10"><span class='ocrx_word' id='word_1_147' title='bbox 153 903 252 934; x_wconf 78' lang='lat' dir='ltr'>guere</span> <span class='ocrx_word' id='word_1_148' title='bbox 284 892 438 934; x_wconf 88' lang='lat' dir='ltr'>quidquid</span> <span class='ocrx_word' id='word_1_149' title='bbox 466 903 522 934; x_wconf 92' lang='lat' dir='ltr'>pro</span> <span class='ocrx_word' id='word_1_150' title='bbox 552 892 758 924; x_wconf 87' lang='lat' dir='ltr'>adnotatione</span> <span class='ocrx_word' id='word_1_151' title='bbox 788 893 943 923; x_wconf 85' lang='lat' dir='ltr'>exhibent</span> <span class='ocrx_word' id='word_1_152' title='bbox 975 892 1044 923; x_wconf 89' lang='lat' dir='ltr'>libri</span> <span class='ocrx_word' id='word_1_153' title='bbox 1075 891 1206 923; x_wconf 71' lang='lat' dir='ltr'><em>MCAO</em></span> <span class='ocrx_word' id='word_1_154' title='bbox 1235 892 1308 923; x_wconf 87' lang='lat' dir='ltr'>licet</span> <span class='ocrx_word' id='word_1_155' title='bbox 1341 891 1466 923; x_wconf 80' lang='lat' dir='ltr'>diversa</span> <span class='ocrx_word' id='word_1_156' title='bbox 1495 893 1618 924; x_wconf 83' lang='lat' dir='ltr'>ratione</span> <span class='ocrx_word' id='word_1_157' title='bbox 1647 893 1678 924; x_wconf 90' lang='lat' dir='ltr'>id</span> <span class='ocrx_word' id='word_1_158' title='bbox 1708 893 1806 933; x_wconf 69' lang='lat' dir='ltr'>sigui-</span> 
     </span>
     <span class='ocr_line' id='line_1_16' title="bbox 153 944 1806 986; baseline 0 -10"><span class='ocrx_word' id='word_1_159' title='bbox 153 945 297 979; x_wconf 72' lang='lat' dir='ltr'>ficantes.</span> <span class='ocrx_word' id='word_1_160' title='bbox 326 955 387 986; x_wconf 85' lang='lat' dir='ltr'>qua</span> <span class='ocrx_word' id='word_1_161' title='bbox 417 944 456 975; x_wconf 91' lang='lat' dir='ltr'>de</span> <span class='ocrx_word' id='word_1_162' title='bbox 487 955 519 975; x_wconf 87' lang='lat' dir='ltr'>re</span> <span class='ocrx_word' id='word_1_163' title='bbox 549 945 627 975; x_wconf 87' lang='lat' dir='ltr'>infra</span> <span class='ocrx_word' id='word_1_164' title='bbox 659 945 689 975; x_wconf 94' lang='lat' dir='ltr'>in</span> <span class='ocrx_word' id='word_1_165' title='bbox 719 945 864 976; x_wconf 79' lang='lat' dir='ltr'>codicum</span> <span class='ocrx_word' id='word_1_166' title='bbox 890 955 1023 976; x_wconf 83' lang='lat' dir='ltr'>recensu</span> <span class='ocrx_word' id='word_1_167' title='bbox 1050 948 1240 986; x_wconf 82' lang='lat' dir='ltr'>exponetur.</span> <span class='ocrx_word' id='word_1_168' title='bbox 1286 954 1362 975; x_wconf 90' lang='lat' dir='ltr'>sane</span> <span class='ocrx_word' id='word_1_169' title='bbox 1387 944 1517 975; x_wconf 91' lang='lat' dir='ltr'>dubium</span> <span class='ocrx_word' id='word_1_170' title='bbox 1542 955 1603 975; x_wconf 87' lang='lat' dir='ltr'>non</span> <span class='ocrx_word' id='word_1_171' title='bbox 1629 948 1677 975; x_wconf 80' lang='lat' dir='ltr'>est</span> <span class='ocrx_word' id='word_1_172' title='bbox 1702 945 1750 976; x_wconf 77' lang='lat' dir='ltr'>vel</span> <span class='ocrx_word' id='word_1_173' title='bbox 1776 946 1806 976; x_wconf 91' lang='lat' dir='ltr'>in</span> 
     </span>
     <span class='ocr_line' id='line_1_17' title="bbox 152 995 1806 1039; baseline 0 -12"><span class='ocrx_word' id='word_1_174' title='bbox 152 996 189 1027; x_wconf 90' lang='lat' dir='ltr'>iis</span> <span class='ocrx_word' id='word_1_175' title='bbox 218 996 306 1027; x_wconf 79' lang='lat' dir='ltr'>libris</span> <span class='ocrx_word' id='word_1_176' title='bbox 335 996 503 1027; x_wconf 73' lang='lat' dir='ltr'>discrimen</span> <span class='ocrx_word' id='word_1_177' title='bbox 536 996 567 1027; x_wconf 90' lang='lat' dir='ltr'>id</span> <span class='ocrx_word' id='word_1_178' title='bbox 596 997 784 1039; x_wconf 69' lang='lat' dir='ltr'>imperfecte</span> <span class='ocrx_word' id='word_1_179' title='bbox 813 997 1046 1038; x_wconf 85' lang='lat' dir='ltr'>repraesentari</span> <span class='ocrx_word' id='word_1_180' title='bbox 1079 1006 1137 1027; x_wconf 87' lang='lat' dir='ltr'>nee</span> <span class='ocrx_word' id='word_1_181' title='bbox 1167 996 1277 1038; x_wconf 78' lang='lat' dir='ltr'>paucis</span> <span class='ocrx_word' id='word_1_182' title='bbox 1310 996 1388 1027; x_wconf 74' lang='lat' dir='ltr'>locis</span> <span class='ocrx_word' id='word_1_183' title='bbox 1419 995 1571 1027; x_wconf 87' lang='lat' dir='ltr'>adnotata</span> <span class='ocrx_word' id='word_1_184' title='bbox 1605 996 1644 1027; x_wconf 90' lang='lat' dir='ltr'>ab</span> <span class='ocrx_word' id='word_1_185' title='bbox 1676 1002 1806 1027; x_wconf 73' lang='lat' dir='ltr'>auctore</span> 
     </span>
     <span class='ocr_line' id='line_1_18' title="bbox 152 1047 1806 1090; baseline 0 -11"><span class='ocrx_word' id='word_1_186' title='bbox 152 1048 196 1080; x_wconf 89' lang='lat' dir='ltr'>ibi</span> <span class='ocrx_word' id='word_1_187' title='bbox 220 1048 250 1079; x_wconf 91' lang='lat' dir='ltr'>in</span> <span class='ocrx_word' id='word_1_188' title='bbox 275 1051 397 1079; x_wconf 85' lang='lat' dir='ltr'>textum</span> <span class='ocrx_word' id='word_1_189' title='bbox 423 1054 551 1090; x_wconf 84' lang='lat' dir='ltr'>recepta</span> <span class='ocrx_word' id='word_1_190' title='bbox 577 1059 658 1079; x_wconf 83' lang='lat' dir='ltr'>esse.</span> <span class='ocrx_word' id='word_1_191' title='bbox 704 1059 761 1079; x_wconf 80' lang='lat' dir='ltr'>nos</span> <span class='ocrx_word' id='word_1_192' title='bbox 785 1049 815 1079; x_wconf 92' lang='lat' dir='ltr'>in</span> <span class='ocrx_word' id='word_1_193' title='bbox 840 1048 981 1079; x_wconf 85' lang='lat' dir='ltr'>editione</span> <span class='ocrx_word' id='word_1_194' title='bbox 1005 1047 1244 1086; x_wconf 64' lang='lat' dir='ltr'>adnotationes,</span> <span class='ocrx_word' id='word_1_195' title='bbox 1274 1048 1396 1078; x_wconf 85' lang='lat' dir='ltr'>seilicet</span> <span class='ocrx_word' id='word_1_196' title='bbox 1421 1047 1460 1079; x_wconf 89' lang='lat' dir='ltr'>de</span> <span class='ocrx_word' id='word_1_197' title='bbox 1486 1048 1600 1090; x_wconf 68' lang='lat' dir='ltr'>quibus</span> <span class='ocrx_word' id='word_1_198' title='bbox 1628 1059 1685 1090; x_wconf 91' lang='lat' dir='ltr'>per</span> <span class='ocrx_word' id='word_1_199' title='bbox 1710 1048 1806 1079; x_wconf 89' lang='lat' dir='ltr'>libros</span> 
     </span>
     <span class='ocr_line' id='line_1_19' title="bbox 152 1099 1805 1142; baseline -0.001 -10"><span class='ocrx_word' id='word_1_200' title='bbox 152 1104 329 1136; x_wconf 75' lang='lat' dir='ltr'>constaret,</span> <span class='ocrx_word' id='word_1_201' title='bbox 365 1111 383 1130; x_wconf 87' lang='lat' dir='ltr'>a</span> <span class='ocrx_word' id='word_1_202' title='bbox 416 1104 507 1131; x_wconf 81' lang='lat' dir='ltr'>textu</span> <span class='ocrx_word' id='word_1_203' title='bbox 543 1101 586 1131; x_wconf 86' lang='lat' dir='ltr'>ita</span> <span class='ocrx_word' id='word_1_204' title='bbox 621 1100 838 1135; x_wconf 55' lang='lat' dir='ltr'>distinximus,</span> <span class='ocrx_word' id='word_1_205' title='bbox 873 1104 908 1131; x_wconf 86' lang='lat' dir='ltr'>ut</span> <span class='ocrx_word' id='word_1_206' title='bbox 944 1099 1117 1130; x_wconf 80' lang='lat' dir='ltr'>indicatum</span> <span class='ocrx_word' id='word_1_207' title='bbox 1152 1103 1200 1130; x_wconf 80' lang='lat' dir='ltr'>est</span> <span class='ocrx_word' id='word_1_208' title='bbox 1230 1110 1260 1141; x_wconf 90' lang='lat' dir='ltr'>p.</span> <span class='ocrx_word' id='word_1_209' title='bbox 1284 1101 1356 1130; x_wconf 76' lang='grc'><strong>3-12.</strong></span> <span class='ocrx_word' id='word_1_210' title='bbox 1403 1103 1545 1131; x_wconf 85' lang='lat' dir='ltr'>ceterum</span> <span class='ocrx_word' id='word_1_211' title='bbox 1580 1099 1620 1131; x_wconf 91' lang='lat' dir='ltr'>de</span> <span class='ocrx_word' id='word_1_212' title='bbox 1655 1100 1805 1142; x_wconf 87' lang='lat' dir='ltr'>Prosperi</span> 
     </span>
     <span class='ocr_line' id='line_1_20' title="bbox 152 1151 1805 1193; baseline 0 -10"><span class='ocrx_word' id='word_1_213' title='bbox 152 1151 359 1193; x_wconf 79' lang='lat' dir='ltr'>chronologia</span> <span class='ocrx_word' id='word_1_214' title='bbox 389 1155 423 1183; x_wconf 90' lang='lat' dir='ltr'>ut</span> <span class='ocrx_word' id='word_1_215' title='bbox 453 1155 539 1183; x_wconf 87' lang='lat' dir='ltr'>reete</span> <span class='ocrx_word' id='word_1_216' title='bbox 571 1151 741 1186; x_wconf 82' lang='lat' dir='ltr'>iudicetur.</span> <span class='ocrx_word' id='word_1_217' title='bbox 775 1151 942 1183; x_wconf 84' lang='lat' dir='ltr'>diversitas</span> <span class='ocrx_word' id='word_1_218' title='bbox 971 1151 1210 1182; x_wconf 81' lang='lat' dir='ltr'>adnotationum</span> <span class='ocrx_word' id='word_1_219' title='bbox 1244 1161 1307 1181; x_wconf 90' lang='lat' dir='ltr'>non</span> <span class='ocrx_word' id='word_1_220' title='bbox 1340 1151 1543 1193; x_wconf 76' lang='lat' dir='ltr'>neglegenda</span> <span class='ocrx_word' id='word_1_221' title='bbox 1578 1156 1640 1182; x_wconf 84' lang='lat' dir='ltr'>est:</span> <span class='ocrx_word' id='word_1_222' title='bbox 1673 1162 1745 1182; x_wconf 90' lang='lat' dir='ltr'>nam</span> <span class='ocrx_word' id='word_1_223' title='bbox 1775 1152 1805 1183; x_wconf 89' lang='lat' dir='ltr'>in</span> 
     </span>
     <span class='ocr_line' id='line_1_21' title="bbox 153 1202 1804 1246; baseline 0 -12"><span class='ocrx_word' id='word_1_224' title='bbox 153 1208 277 1235; x_wconf 87' lang='lat' dir='ltr'>textum</span> <span class='ocrx_word' id='word_1_225' title='bbox 301 1208 432 1245; x_wconf 83' lang='lat' dir='ltr'>recepta</span> <span class='ocrx_word' id='word_1_226' title='bbox 457 1207 491 1235; x_wconf 81' lang='lat' dir='ltr'>ut</span> <span class='ocrx_word' id='word_1_227' title='bbox 515 1203 659 1235; x_wconf 83' lang='lat' dir='ltr'>ordinem</span> <span class='ocrx_word' id='word_1_228' title='bbox 684 1207 864 1246; x_wconf 88' lang='lat' dir='ltr'>temporum</span> <span class='ocrx_word' id='word_1_229' title='bbox 888 1204 939 1234; x_wconf 85' lang='lat' dir='ltr'>vel</span> <span class='ocrx_word' id='word_1_230' title='bbox 963 1208 1049 1234; x_wconf 85' lang='lat' dir='ltr'>certe</span> <span class='ocrx_word' id='word_1_231' title='bbox 1074 1202 1361 1244; x_wconf 79' lang='lat' dir='ltr'>Hieronymianum</span> <span class='ocrx_word' id='word_1_232' title='bbox 1386 1213 1495 1245; x_wconf 87' lang='lat' dir='ltr'>presse</span> <span class='ocrx_word' id='word_1_233' title='bbox 1525 1207 1715 1245; x_wconf 79' lang='lat' dir='ltr'>sequuntur,</span> <span class='ocrx_word' id='word_1_234' title='bbox 1747 1203 1804 1234; x_wconf 90' lang='lat' dir='ltr'>ad—</span> 
     </span>
     <span class='ocr_line' id='line_1_22' title="bbox 153 1254 1805 1298; baseline -0.001 -12"><span class='ocrx_word' id='word_1_235' title='bbox 153 1256 332 1286; x_wconf 76' lang='lat' dir='ltr'>notationes</span> <span class='ocrx_word' id='word_1_236' title='bbox 362 1256 480 1297; x_wconf 83' lang='lat' dir='ltr'>passim</span> <span class='ocrx_word' id='word_1_237' title='bbox 504 1266 608 1298; x_wconf 89' lang='lat' dir='ltr'>neque</span> <span class='ocrx_word' id='word_1_238' title='bbox 632 1256 700 1286; x_wconf 85' lang='lat' dir='ltr'>sola</span> <span class='ocrx_word' id='word_1_239' title='bbox 725 1256 924 1287; x_wconf 85' lang='lat' dir='ltr'>librariorum</span> <span class='ocrx_word' id='word_1_240' title='bbox 949 1255 1127 1286; x_wconf 81' lang='lat' dir='ltr'>auetorisve</span> <span class='ocrx_word' id='word_1_241' title='bbox 1152 1255 1260 1296; x_wconf 72' lang='lat' dir='ltr'>culpa,</span> <span class='ocrx_word' id='word_1_242' title='bbox 1293 1255 1350 1286; x_wconf 83' lang='lat' dir='ltr'>sed</span> <span class='ocrx_word' id='word_1_243' title='bbox 1374 1254 1548 1285; x_wconf 86' lang='lat' dir='ltr'>secundum</span> <span class='ocrx_word' id='word_1_244' title='bbox 1572 1255 1673 1297; x_wconf 80' lang='lat' dir='ltr'>ipsam</span> <span class='ocrx_word' id='word_1_245' title='bbox 1699 1255 1805 1297; x_wconf 84' lang='lat' dir='ltr'>operis</span> 
     </span>
     <span class='ocr_line' id='line_1_23' title="bbox 151 1306 1804 1349; baseline -0.001 -11"><span class='ocrx_word' id='word_1_246' title='bbox 151 1307 381 1338; x_wconf 87' lang='lat' dir='ltr'>institutionem</span> <span class='ocrx_word' id='word_1_247' title='bbox 406 1307 446 1338; x_wconf 86' lang='lat' dir='ltr'>ab</span> <span class='ocrx_word' id='word_1_248' title='bbox 471 1318 510 1338; x_wconf 90' lang='lat' dir='ltr'>eo</span> <span class='ocrx_word' id='word_1_249' title='bbox 534 1307 643 1339; x_wconf 85' lang='lat' dir='ltr'>ordine</span> <span class='ocrx_word' id='word_1_250' title='bbox 667 1307 834 1338; x_wconf 86' lang='lat' dir='ltr'>recedunt:</span> <span class='ocrx_word' id='word_1_251' title='bbox 861 1307 1003 1349; x_wconf 84' lang='lat' dir='ltr'>exempli</span> <span class='ocrx_word' id='word_1_252' title='bbox 1027 1317 1122 1338; x_wconf 86' lang='lat' dir='ltr'>eausa</span> <span class='ocrx_word' id='word_1_253' title='bbox 1140 1306 1225 1348; x_wconf 89' lang='lat' dir='ltr'>quod</span> <span class='ocrx_word' id='word_1_254' title='bbox 1242 1307 1324 1338; x_wconf 89' lang='lat' dir='ltr'>inter</span> <span class='ocrx_word' id='word_1_255' title='bbox 1340 1317 1365 1338; x_wconf 89' lang='lat' dir='ltr'>c.</span> <span class='ocrx_word' id='word_1_256' title='bbox 1385 1308 1444 1337; x_wconf 79' lang='lat'>267</span> <span class='ocrx_word' id='word_1_257' title='bbox 1463 1322 1502 1333; x_wconf 92' lang='lat'>=</span> <span class='ocrx_word' id='word_1_258' title='bbox 1519 1306 1609 1337; x_wconf 87' lang='lat' dir='ltr'>Hier.</span> <span class='ocrx_word' id='word_1_259' title='bbox 1628 1306 1706 1337; x_wconf 89' lang='lat' dir='ltr'>Abr.</span> <span class='ocrx_word' id='word_1_260' title='bbox 1727 1309 1804 1337; x_wconf 64' lang='lat'>1515</span> 
     </span>
     <span class='ocr_line' id='line_1_24' title="bbox 152 1357 1803 1401; baseline -0.001 -11"><span class='ocrx_word' id='word_1_261' title='bbox 152 1363 185 1390; x_wconf 87' lang='lat' dir='ltr'>et</span> <span class='ocrx_word' id='word_1_262' title='bbox 200 1370 224 1390; x_wconf 84' lang='lat' dir='ltr'>e.</span> <span class='ocrx_word' id='word_1_263' title='bbox 240 1360 300 1390; x_wconf 82' lang='lat'>270</span> <span class='ocrx_word' id='word_1_264' title='bbox 315 1374 353 1384; x_wconf 82' lang='lat'>=</span> <span class='ocrx_word' id='word_1_265' title='bbox 366 1357 455 1389; x_wconf 84' lang='lat' dir='ltr'>Hier.</span> <span class='ocrx_word' id='word_1_266' title='bbox 471 1358 548 1390; x_wconf 84' lang='lat' dir='ltr'>Abr.</span> <span class='ocrx_word' id='word_1_267' title='bbox 569 1360 644 1390; x_wconf 68' lang='lat'>1857</span> <span class='ocrx_word' id='word_1_268' title='bbox 664 1359 907 1401; x_wconf 88' lang='lat' dir='ltr'>interponuntur</span> <span class='ocrx_word' id='word_1_269' title='bbox 923 1359 1027 1400; x_wconf 81' lang='lat' dir='ltr'>capita</span> <span class='ocrx_word' id='word_1_270' title='bbox 1044 1358 1237 1400; x_wconf 84' lang='lat' dir='ltr'>pertinentia</span> <span class='ocrx_word' id='word_1_271' title='bbox 1252 1357 1292 1389; x_wconf 90' lang='lat' dir='ltr'>ad</span> <span class='ocrx_word' id='word_1_272' title='bbox 1305 1357 1557 1400; x_wconf 80' lang='lat' dir='ltr'>Hieronymiana</span> <span class='ocrx_word' id='word_1_273' title='bbox 1574 1369 1602 1389; x_wconf 88' lang='lat' dir='ltr'>a.</span> <span class='ocrx_word' id='word_1_274' title='bbox 1617 1358 1693 1389; x_wconf 81' lang='lat' dir='ltr'>Abr.</span> <span class='ocrx_word' id='word_1_275' title='bbox 1717 1361 1803 1390; x_wconf 63' lang='grc'><strong>15611.</strong></span> 
     </span>
     <span class='ocr_line' id='line_1_25' title="bbox 158 1409 1738 1453; baseline -0.001 -11"><span class='ocrx_word' id='word_1_276' title='bbox 158 1413 245 1443; x_wconf 66' lang='grc'><strong>1565.</strong></span> <span class='ocrx_word' id='word_1_277' title='bbox 277 1412 365 1448; x_wconf 72' lang='grc'><strong>1867,</strong></span> <span class='ocrx_word' id='word_1_278' title='bbox 403 1410 434 1442; x_wconf 93' lang='lat' dir='ltr'>id</span> <span class='ocrx_word' id='word_1_279' title='bbox 459 1421 521 1441; x_wconf 88' lang='lat' dir='ltr'>uon</span> <span class='ocrx_word' id='word_1_280' title='bbox 546 1421 588 1442; x_wconf 82' lang='lat' dir='ltr'>ex</span> <span class='ocrx_word' id='word_1_281' title='bbox 612 1422 719 1442; x_wconf 85' lang='lat' dir='ltr'>errore</span> <span class='ocrx_word' id='word_1_282' title='bbox 744 1411 882 1442; x_wconf 82' lang='lat' dir='ltr'>auctoris</span> <span class='ocrx_word' id='word_1_283' title='bbox 906 1409 1117 1453; x_wconf 87' lang='lat' dir='ltr'>repetendum</span> <span class='ocrx_word' id='word_1_284' title='bbox 1143 1414 1204 1449; x_wconf 70' lang='lat' dir='ltr'>est,</span> <span class='ocrx_word' id='word_1_285' title='bbox 1235 1409 1292 1441; x_wconf 88' lang='lat' dir='ltr'>sed</span> <span class='ocrx_word' id='word_1_286' title='bbox 1316 1420 1358 1441; x_wconf 86' lang='lat' dir='ltr'>ex</span> <span class='ocrx_word' id='word_1_287' title='bbox 1382 1411 1484 1441; x_wconf 84' lang='lat' dir='ltr'>forma</span> <span class='ocrx_word' id='word_1_288' title='bbox 1507 1410 1738 1441; x_wconf 80' lang='lat' dir='ltr'>commentarii.</span> 
     </span>
    </p>

    <p class='ocr_par' dir='ltr' id='par_1_4' title="bbox 150 1461 1804 2743">
     <span class='ocr_line' id='line_1_26' title="bbox 256 1461 1804 1503; baseline -0.001 -10"><span class='ocrx_word' id='word_1_289' title='bbox 256 1462 420 1493; x_wconf 82' lang='lat' dir='ltr'>Annorum</span> <span class='ocrx_word' id='word_1_290' title='bbox 445 1473 464 1493; x_wconf 85' lang='lat' dir='ltr'>a</span> <span class='ocrx_word' id='word_1_291' title='bbox 487 1461 595 1493; x_wconf 89' lang='lat' dir='ltr'>mundi</span> <span class='ocrx_word' id='word_1_292' title='bbox 620 1462 707 1493; x_wconf 87' lang='lat' dir='ltr'>initio</span> <span class='ocrx_word' id='word_1_293' title='bbox 741 1462 782 1493; x_wconf 90' lang='lat' dir='ltr'>ad</span> <span class='ocrx_word' id='word_1_294' title='bbox 812 1473 867 1493; x_wconf 86' lang='lat' dir='ltr'>sua</span> <span class='ocrx_word' id='word_1_295' title='bbox 893 1466 1037 1503; x_wconf 86' lang='lat' dir='ltr'>tempora</span> <span class='ocrx_word' id='word_1_296' title='bbox 1068 1461 1212 1493; x_wconf 85' lang='lat' dir='ltr'>ordinem</span> <span class='ocrx_word' id='word_1_297' title='bbox 1237 1461 1421 1492; x_wconf 88' lang='lat' dir='ltr'>continuum</span> <span class='ocrx_word' id='word_1_298' title='bbox 1447 1472 1639 1503; x_wconf 88' lang='lat' dir='ltr'>quamquam</span> <span class='ocrx_word' id='word_1_299' title='bbox 1665 1461 1804 1503; x_wconf 76' lang='lat' dir='ltr'>Prosper</span> 
     </span>
     <span class='ocr_line' id='line_1_27' title="bbox 154 1513 1804 1556; baseline -0.002 -10"><span class='ocrx_word' id='word_1_300' title='bbox 154 1525 195 1546; x_wconf 82' lang='lat' dir='ltr'>ex</span> <span class='ocrx_word' id='word_1_301' title='bbox 219 1514 418 1556; x_wconf 76' lang='lat' dir='ltr'>Hieronymo</span> <span class='ocrx_word' id='word_1_302' title='bbox 443 1513 620 1556; x_wconf 80' lang='lat' dir='ltr'>adsumpsit</span> <span class='ocrx_word' id='word_1_303' title='bbox 650 1520 682 1545; x_wconf 85' lang='lat' dir='ltr'>et</span> <span class='ocrx_word' id='word_1_304' title='bbox 711 1524 769 1556; x_wconf 86' lang='lat' dir='ltr'>per</span> <span class='ocrx_word' id='word_1_305' title='bbox 800 1513 926 1545; x_wconf 84' lang='lat' dir='ltr'>adiecta</span> <span class='ocrx_word' id='word_1_306' title='bbox 949 1518 1095 1556; x_wconf 83' lang='lat' dir='ltr'>tempora.</span> <span class='ocrx_word' id='word_1_307' title='bbox 1124 1514 1319 1544; x_wconf 79' lang='lat' dir='ltr'>continuavit</span> <span class='ocrx_word' id='word_1_308' title='bbox 1350 1513 1612 1555; x_wconf 75' lang='lat' dir='ltr'>generationibus</span> <span class='ocrx_word' id='word_1_309' title='bbox 1643 1518 1674 1544; x_wconf 88' lang='lat' dir='ltr'>et</span> <span class='ocrx_word' id='word_1_310' title='bbox 1698 1514 1804 1552; x_wconf 71' lang='lat' dir='ltr'>regnis</span> 
     </span>
     <span class='ocr_line' id='line_1_28' title="bbox 151 1564 1802 1608; baseline -0.001 -11"><span class='ocrx_word' id='word_1_311' title='bbox 151 1567 282 1608; x_wconf 85' lang='lat' dir='ltr'>singulis</span> <span class='ocrx_word' id='word_1_312' title='bbox 305 1577 471 1597; x_wconf 91' lang='lat' dir='ltr'>numerum</span> <span class='ocrx_word' id='word_1_313' title='bbox 496 1577 650 1597; x_wconf 86' lang='lat' dir='ltr'>annorum</span> <span class='ocrx_word' id='word_1_314' title='bbox 675 1566 869 1600; x_wconf 68' lang='lat' dir='ltr'>adscribens,</span> <span class='ocrx_word' id='word_1_315' title='bbox 894 1577 1033 1596; x_wconf 78' lang='lat' dir='ltr'>summas</span> <span class='ocrx_word' id='word_1_316' title='bbox 1058 1576 1168 1596; x_wconf 89' lang='lat' dir='ltr'>eorum</span> <span class='ocrx_word' id='word_1_317' title='bbox 1193 1576 1346 1596; x_wconf 89' lang='lat' dir='ltr'>annorum</span> <span class='ocrx_word' id='word_1_318' title='bbox 1371 1576 1476 1607; x_wconf 87' lang='lat' dir='ltr'>neque</span> <span class='ocrx_word' id='word_1_319' title='bbox 1500 1576 1558 1607; x_wconf 90' lang='lat' dir='ltr'>per</span> <span class='ocrx_word' id='word_1_320' title='bbox 1577 1575 1676 1595; x_wconf 78' lang='lat' dir='ltr'>annos</span> <span class='ocrx_word' id='word_1_321' title='bbox 1693 1564 1802 1596; x_wconf 90' lang='lat' dir='ltr'>mundi</span> 
     </span>
     <span class='ocr_line' id='line_1_29' title="bbox 151 1616 1803 1659; baseline -0.001 -11"><span class='ocrx_word' id='word_1_322' title='bbox 151 1618 341 1656; x_wconf 80' lang='lat' dir='ltr'>enuntiavit,</span> <span class='ocrx_word' id='word_1_323' title='bbox 373 1621 406 1648; x_wconf 92' lang='lat' dir='ltr'>ut</span> <span class='ocrx_word' id='word_1_324' title='bbox 433 1622 545 1659; x_wconf 86' lang='lat' dir='ltr'>postea</span> <span class='ocrx_word' id='word_1_325' title='bbox 578 1618 652 1648; x_wconf 83' lang='lat' dir='ltr'>feeit</span> <span class='ocrx_word' id='word_1_326' title='bbox 680 1617 836 1651; x_wconf 75' lang='lat' dir='ltr'>Isidorus,</span> <span class='ocrx_word' id='word_1_327' title='bbox 866 1628 971 1659; x_wconf 88' lang='lat' dir='ltr'>neque</span> <span class='ocrx_word' id='word_1_328' title='bbox 999 1617 1121 1648; x_wconf 88' lang='lat' dir='ltr'>binaria</span> <span class='ocrx_word' id='word_1_329' title='bbox 1151 1617 1389 1658; x_wconf 87' lang='lat' dir='ltr'>computatione</span> <span class='ocrx_word' id='word_1_330' title='bbox 1415 1628 1468 1651; x_wconf 81' lang='lat' dir='ltr'>ea,</span> <span class='ocrx_word' id='word_1_331' title='bbox 1501 1627 1563 1658; x_wconf 87' lang='lat' dir='ltr'>qua</span> <span class='ocrx_word' id='word_1_332' title='bbox 1586 1616 1803 1657; x_wconf 70' lang='lat' dir='ltr'>Hieronymus</span> 
     </span>
     <span class='ocr_line' id='line_1_30' title="bbox 150 1668 1801 1710; baseline -0.001 -10"><span class='ocrx_word' id='word_1_333' title='bbox 150 1669 263 1708; x_wconf 77' lang='lat' dir='ltr'>utitur,</span> <span class='ocrx_word' id='word_1_334' title='bbox 296 1669 417 1700; x_wconf 85' lang='lat' dir='ltr'>seilicet</span> <span class='ocrx_word' id='word_1_335' title='bbox 444 1670 534 1700; x_wconf 85' lang='lat' dir='ltr'>aunis</span> <span class='ocrx_word' id='word_1_336' title='bbox 557 1669 709 1700; x_wconf 86' lang='lat' dir='ltr'>Abrahae</span> <span class='ocrx_word' id='word_1_337' title='bbox 741 1669 805 1699; x_wconf 90' lang='lat' dir='ltr'>nati</span> <span class='ocrx_word' id='word_1_338' title='bbox 835 1668 1002 1710; x_wconf 71' lang='lat' dir='ltr'>adscriptis</span> <span class='ocrx_word' id='word_1_339' title='bbox 1031 1679 1049 1699; x_wconf 90' lang='lat' dir='ltr'>a</span> <span class='ocrx_word' id='word_1_340' title='bbox 1077 1669 1231 1710; x_wconf 78' lang='lat' dir='ltr'>principio</span> <span class='ocrx_word' id='word_1_341' title='bbox 1262 1669 1481 1700; x_wconf 79' lang='lat' dir='ltr'>chronieorum</span> <span class='ocrx_word' id='word_1_342' title='bbox 1511 1679 1569 1710; x_wconf 91' lang='lat' dir='ltr'>per</span> <span class='ocrx_word' id='word_1_343' title='bbox 1596 1669 1719 1710; x_wconf 82' lang='lat' dir='ltr'>singula</span> <span class='ocrx_word' id='word_1_344' title='bbox 1745 1668 1801 1699; x_wconf 91' lang='lat' dir='ltr'>de-</span> 
     </span>
     <span class='ocr_line' id='line_1_31' title="bbox 151 1719 1804 1763; baseline 0 -12"><span class='ocrx_word' id='word_1_345' title='bbox 151 1721 276 1759; x_wconf 80' lang='lat' dir='ltr'>cennia,</span> <span class='ocrx_word' id='word_1_346' title='bbox 313 1721 390 1751; x_wconf 91' lang='lat' dir='ltr'>item</span> <span class='ocrx_word' id='word_1_347' title='bbox 425 1731 443 1751; x_wconf 88' lang='lat' dir='ltr'>a</span> <span class='ocrx_word' id='word_1_348' title='bbox 477 1721 631 1763; x_wconf 86' lang='lat' dir='ltr'>principio</span> <span class='ocrx_word' id='word_1_349' title='bbox 668 1720 894 1762; x_wconf 80' lang='lat' dir='ltr'>Olympiadum</span> <span class='ocrx_word' id='word_1_350' title='bbox 929 1719 1146 1751; x_wconf 85' lang='lat' dir='ltr'>Romanarum</span> <span class='ocrx_word' id='word_1_351' title='bbox 1183 1731 1210 1751; x_wconf 89' lang='lat' dir='ltr'>a.</span> <span class='ocrx_word' id='word_1_352' title='bbox 1244 1720 1321 1751; x_wconf 80' lang='lat' dir='ltr'>Abr.</span> <span class='ocrx_word' id='word_1_353' title='bbox 1359 1722 1432 1751; x_wconf 80' lang='grc'><strong>1211</strong></span> <span class='ocrx_word' id='word_1_354' title='bbox 1471 1720 1638 1762; x_wconf 79' lang='lat' dir='ltr'>adscriptis</span> <span class='ocrx_word' id='word_1_355' title='bbox 1674 1720 1710 1750; x_wconf 80' lang='lat' dir='ltr'>iis</span> <span class='ocrx_word' id='word_1_356' title='bbox 1746 1731 1804 1762; x_wconf 87' lang='lat' dir='ltr'>per</span> 
     </span>
     <span class='ocr_line' id='line_1_32' title="bbox 150 1772 1802 1814; baseline 0 -12"><span class='ocrx_word' id='word_1_357' title='bbox 150 1772 274 1813; x_wconf 80' lang='lat' dir='ltr'>singula</span> <span class='ocrx_word' id='word_1_358' title='bbox 309 1772 527 1814; x_wconf 88' lang='lat' dir='ltr'>quadriennia.</span> <span class='ocrx_word' id='word_1_359' title='bbox 583 1773 668 1814; x_wconf 86' lang='lat' dir='ltr'>ipsas</span> <span class='ocrx_word' id='word_1_360' title='bbox 705 1773 775 1803; x_wconf 82' lang='lat' dir='ltr'>illas</span> <span class='ocrx_word' id='word_1_361' title='bbox 810 1772 1053 1813; x_wconf 84' lang='lat' dir='ltr'>generationum</span> <span class='ocrx_word' id='word_1_362' title='bbox 1090 1782 1324 1814; x_wconf 84' lang='lat' dir='ltr'>regnorumque</span> <span class='ocrx_word' id='word_1_363' title='bbox 1362 1772 1502 1814; x_wconf 81' lang='lat' dir='ltr'>epochas</span> <span class='ocrx_word' id='word_1_364' title='bbox 1533 1772 1802 1813; x_wconf 76' lang='lat' dir='ltr'>Hieronymianas</span> 
     </span>
     <span class='ocr_line' id='line_1_33' title="bbox 150 1823 1801 1866; baseline -0.001 -11"><span class='ocrx_word' id='word_1_365' title='bbox 150 1823 291 1865; x_wconf 82' lang='lat' dir='ltr'>Prosper</span> <span class='ocrx_word' id='word_1_366' title='bbox 324 1825 366 1855; x_wconf 89' lang='lat' dir='ltr'>ita</span> <span class='ocrx_word' id='word_1_367' title='bbox 399 1825 573 1856; x_wconf 76' lang='lat' dir='ltr'>contraxit.</span> <span class='ocrx_word' id='word_1_368' title='bbox 604 1830 638 1855; x_wconf 87' lang='lat' dir='ltr'>ut</span> <span class='ocrx_word' id='word_1_369' title='bbox 663 1835 702 1854; x_wconf 90' lang='lat' dir='ltr'>ex</span> <span class='ocrx_word' id='word_1_370' title='bbox 727 1824 870 1866; x_wconf 89' lang='lat' dir='ltr'>pluribus</span> <span class='ocrx_word' id='word_1_371' title='bbox 894 1834 955 1854; x_wconf 91' lang='lat' dir='ltr'>una</span> <span class='ocrx_word' id='word_1_372' title='bbox 980 1824 1047 1854; x_wconf 77' lang='lat' dir='ltr'>sola</span> <span class='ocrx_word' id='word_1_373' title='bbox 1072 1824 1268 1855; x_wconf 81' lang='lat' dir='ltr'>remanserit.</span> <span class='ocrx_word' id='word_1_374' title='bbox 1314 1824 1359 1854; x_wconf 88' lang='lat' dir='ltr'>ita</span> <span class='ocrx_word' id='word_1_375' title='bbox 1383 1834 1465 1865; x_wconf 86' lang='lat' dir='ltr'>quae</span> <span class='ocrx_word' id='word_1_376' title='bbox 1490 1823 1684 1855; x_wconf 87' lang='lat' dir='ltr'>adnotantur</span> <span class='ocrx_word' id='word_1_377' title='bbox 1707 1824 1801 1860; x_wconf 78' lang='lat' dir='ltr'>faeta,</span> 
     </span>
     <span class='ocr_line' id='line_1_34' title="bbox 151 1874 1801 1917; baseline -0.001 -11"><span class='ocrx_word' id='word_1_378' title='bbox 151 1875 236 1917; x_wconf 88' lang='lat' dir='ltr'>apud</span> <span class='ocrx_word' id='word_1_379' title='bbox 261 1876 455 1917; x_wconf 85' lang='lat' dir='ltr'>I&#39;rosperum</span> <span class='ocrx_word' id='word_1_380' title='bbox 485 1887 547 1906; x_wconf 91' lang='lat' dir='ltr'>non</span> <span class='ocrx_word' id='word_1_381' title='bbox 578 1875 619 1907; x_wconf 87' lang='lat' dir='ltr'>ad</span> <span class='ocrx_word' id='word_1_382' title='bbox 648 1887 746 1907; x_wconf 81' lang='lat' dir='ltr'>annos</span> <span class='ocrx_word' id='word_1_383' title='bbox 771 1882 875 1906; x_wconf 82' lang='lat' dir='ltr'>certos</span> <span class='ocrx_word' id='word_1_384' title='bbox 900 1876 1087 1917; x_wconf 84' lang='lat' dir='ltr'>rediguntur</span> <span class='ocrx_word' id='word_1_385' title='bbox 1109 1880 1143 1906; x_wconf 89' lang='lat' dir='ltr'>ut</span> <span class='ocrx_word' id='word_1_386' title='bbox 1167 1875 1253 1917; x_wconf 84' lang='lat' dir='ltr'>apud</span> <span class='ocrx_word' id='word_1_387' title='bbox 1277 1875 1509 1917; x_wconf 68' lang='lat' dir='ltr'>Hieronymum</span> <span class='ocrx_word' id='word_1_388' title='bbox 1534 1876 1656 1910; x_wconf 79' lang='lat' dir='ltr'>omnia,</span> <span class='ocrx_word' id='word_1_389' title='bbox 1680 1875 1736 1905; x_wconf 79' lang='lat' dir='ltr'>sed</span> <span class='ocrx_word' id='word_1_390' title='bbox 1761 1874 1801 1905; x_wconf 91' lang='lat' dir='ltr'>ad</span> 
     </span>
     <span class='ocr_line' id='line_1_35' title="bbox 151 1927 1800 1970; baseline -0.001 -12"><span class='ocrx_word' id='word_1_391' title='bbox 151 1928 332 1969; x_wconf 81' lang='lat' dir='ltr'>passionem</span> <span class='ocrx_word' id='word_1_392' title='bbox 359 1939 458 1970; x_wconf 82' lang='lat' dir='ltr'>usque</span> <span class='ocrx_word' id='word_1_393' title='bbox 484 1927 704 1959; x_wconf 87' lang='lat' dir='ltr'>tantummodo</span> <span class='ocrx_word' id='word_1_394' title='bbox 733 1927 774 1958; x_wconf 92' lang='lat' dir='ltr'>ad</span> <span class='ocrx_word' id='word_1_395' title='bbox 805 1939 915 1969; x_wconf 83' lang='lat' dir='ltr'>regna.</span> <span class='ocrx_word' id='word_1_396' title='bbox 962 1928 1102 1970; x_wconf 80' lang='lat' dir='ltr'>exempli</span> <span class='ocrx_word' id='word_1_397' title='bbox 1132 1938 1226 1958; x_wconf 84' lang='lat' dir='ltr'>eausa</span> <span class='ocrx_word' id='word_1_398' title='bbox 1257 1938 1328 1959; x_wconf 83' lang='lat' dir='ltr'>eum</span> <span class='ocrx_word' id='word_1_399' title='bbox 1352 1927 1578 1969; x_wconf 78' lang='lat' dir='ltr'>Hierosolyma</span> <span class='ocrx_word' id='word_1_400' title='bbox 1602 1938 1619 1958; x_wconf 90' lang='lat' dir='ltr'>a</span> <span class='ocrx_word' id='word_1_401' title='bbox 1644 1927 1800 1968; x_wconf 86' lang='lat' dir='ltr'>Pompeio</span> 
     </span>
     <span class='ocr_line' id='line_1_36' title="bbox 151 1978 1798 2022; baseline 0 -13"><span class='ocrx_word' id='word_1_402' title='bbox 151 1983 245 2021; x_wconf 84' lang='lat' dir='ltr'>capta</span> <span class='ocrx_word' id='word_1_403' title='bbox 277 1979 493 2022; x_wconf 74' lang='lat' dir='ltr'>Hieronymus</span> <span class='ocrx_word' id='word_1_404' title='bbox 527 1980 743 2021; x_wconf 82' lang='lat' dir='ltr'>adsignaverit</span> <span class='ocrx_word' id='word_1_405' title='bbox 779 1991 860 2011; x_wconf 92' lang='lat' dir='ltr'>anno</span> <span class='ocrx_word' id='word_1_406' title='bbox 893 1980 1045 2011; x_wconf 86' lang='lat' dir='ltr'>Abrahae</span> <span class='ocrx_word' id='word_1_407' title='bbox 1083 1982 1174 2013; x_wconf 61' lang='lat' dir='ltr'>labo,</span> <span class='ocrx_word' id='word_1_408' title='bbox 1211 1979 1410 2021; x_wconf 69' lang='lat' dir='ltr'>Olympiadis</span> <span class='ocrx_word' id='word_1_409' title='bbox 1442 1981 1496 2010; x_wconf 61' lang='grc'>175</span> <span class='ocrx_word' id='word_1_410' title='bbox 1532 1989 1614 2009; x_wconf 86' lang='lat' dir='ltr'>anno</span> <span class='ocrx_word' id='word_1_411' title='bbox 1647 1978 1798 2017; x_wconf 70' lang='lat' dir='ltr'>seeundo,</span> 
     </span>
     <span class='ocr_line' id='line_1_37' title="bbox 151 2030 1798 2073; baseline 0 -12"><span class='ocrx_word' id='word_1_412' title='bbox 151 2030 331 2062; x_wconf 86' lang='lat' dir='ltr'>Ptolemaei</span> <span class='ocrx_word' id='word_1_413' title='bbox 356 2031 501 2073; x_wconf 72' lang='lat' dir='ltr'>Dionysii</span> <span class='ocrx_word' id='word_1_414' title='bbox 525 2032 744 2063; x_wconf 77' lang='lat' dir='ltr'>Alexandriae</span> <span class='ocrx_word' id='word_1_415' title='bbox 769 2032 931 2073; x_wconf 77' lang='lat' dir='ltr'>regnantis</span> <span class='ocrx_word' id='word_1_416' title='bbox 956 2042 1038 2062; x_wconf 89' lang='lat' dir='ltr'>anno</span> <span class='ocrx_word' id='word_1_417' title='bbox 1070 2034 1113 2064; x_wconf 28' lang='lat'>1⁷³,</span> <span class='ocrx_word' id='word_1_418' title='bbox 1138 2030 1332 2062; x_wconf 88' lang='lat' dir='ltr'>Iudaeorum</span> <span class='ocrx_word' id='word_1_419' title='bbox 1357 2031 1441 2072; x_wconf 80' lang='lat' dir='ltr'>regis</span> <span class='ocrx_word' id='word_1_420' title='bbox 1464 2030 1605 2072; x_wconf 73' lang='lat' dir='ltr'>Hyrcani</span> <span class='ocrx_word' id='word_1_421' title='bbox 1631 2030 1662 2061; x_wconf 90' lang='lat' dir='ltr'>H</span> <span class='ocrx_word' id='word_1_422' title='bbox 1686 2031 1798 2072; x_wconf 78' lang='lat' dir='ltr'>primo,</span> 
     </span>
     <span class='ocr_line' id='line_1_38' title="bbox 151 2081 1798 2125; baseline -0.001 -12"><span class='ocrx_word' id='word_1_423' title='bbox 151 2082 225 2113; x_wconf 90' lang='lat' dir='ltr'>inde</span> <span class='ocrx_word' id='word_1_424' title='bbox 250 2083 389 2124; x_wconf 87' lang='lat' dir='ltr'>Prosper</span> <span class='ocrx_word' id='word_1_425' title='bbox 412 2083 489 2114; x_wconf 92' lang='lat' dir='ltr'>nihil</span> <span class='ocrx_word' id='word_1_426' title='bbox 522 2084 651 2114; x_wconf 86' lang='lat' dir='ltr'>retinnit</span> <span class='ocrx_word' id='word_1_427' title='bbox 681 2084 739 2114; x_wconf 82' lang='lat' dir='ltr'>nisi</span> <span class='ocrx_word' id='word_1_428' title='bbox 771 2087 864 2125; x_wconf 78' lang='lat' dir='ltr'>capta</span> <span class='ocrx_word' id='word_1_429' title='bbox 895 2094 964 2113; x_wconf 81' lang='lat' dir='ltr'>esse</span> <span class='ocrx_word' id='word_1_430' title='bbox 990 2082 1215 2123; x_wconf 71' lang='lat' dir='ltr'>Hierosolyma</span> <span class='ocrx_word' id='word_1_431' title='bbox 1239 2087 1393 2124; x_wconf 83' lang='lat' dir='ltr'>regnante</span> <span class='ocrx_word' id='word_1_432' title='bbox 1419 2082 1607 2113; x_wconf 85' lang='lat' dir='ltr'>Ptolemaeo</span> <span class='ocrx_word' id='word_1_433' title='bbox 1631 2081 1798 2124; x_wconf 70' lang='lat' dir='ltr'>Dionysio:</span> 
     </span>
     <span class='ocr_line' id='line_1_39' title="bbox 151 2134 1798 2176; baseline -0.001 -11"><span class='ocrx_word' id='word_1_434' title='bbox 151 2138 272 2165; x_wconf 89' lang='lat' dir='ltr'>certum</span> <span class='ocrx_word' id='word_1_435' title='bbox 297 2145 418 2165; x_wconf 84' lang='lat' dir='ltr'>annum</span> <span class='ocrx_word' id='word_1_436' title='bbox 449 2146 519 2165; x_wconf 91' lang='lat' dir='ltr'>raro</span> <span class='ocrx_word' id='word_1_437' title='bbox 548 2135 762 2166; x_wconf 76' lang='lat' dir='ltr'>determinans</span> <span class='ocrx_word' id='word_1_438' title='bbox 793 2135 915 2176; x_wconf 76' lang='lat' dir='ltr'>epocha</span> <span class='ocrx_word' id='word_1_439' title='bbox 945 2134 1063 2166; x_wconf 68' lang='lat' dir='ltr'>diserte</span> <span class='ocrx_word' id='word_1_440' title='bbox 1088 2134 1230 2166; x_wconf 81' lang='lat' dir='ltr'>adiecta.</span> <span class='ocrx_word' id='word_1_441' title='bbox 1261 2140 1295 2165; x_wconf 90' lang='lat' dir='ltr'>ut</span> <span class='ocrx_word' id='word_1_442' title='bbox 1320 2134 1460 2175; x_wconf 83' lang='lat' dir='ltr'>exempli</span> <span class='ocrx_word' id='word_1_443' title='bbox 1485 2144 1579 2164; x_wconf 84' lang='lat' dir='ltr'>eausa</span> <span class='ocrx_word' id='word_1_444' title='bbox 1604 2134 1798 2175; x_wconf 78' lang='lat' dir='ltr'>Capitolium</span> 
     </span>
     <span class='ocr_line' id='line_1_40' title="bbox 151 2185 1798 2228; baseline -0.001 -12"><span class='ocrx_word' id='word_1_445' title='bbox 151 2197 169 2216; x_wconf 87' lang='lat' dir='ltr'>a</span> <span class='ocrx_word' id='word_1_446' title='bbox 192 2185 292 2217; x_wconf 85' lang='lat' dir='ltr'>Gallis</span> <span class='ocrx_word' id='word_1_447' title='bbox 317 2192 443 2228; x_wconf 82' lang='lat' dir='ltr'>captum</span> <span class='ocrx_word' id='word_1_448' title='bbox 469 2198 541 2217; x_wconf 79' lang='lat' dir='ltr'>esse</span> <span class='ocrx_word' id='word_1_449' title='bbox 566 2187 608 2217; x_wconf 90' lang='lat' dir='ltr'>ait</span> <span class='ocrx_word' id='word_1_450' title='bbox 633 2198 658 2217; x_wconf 89' lang='lat' dir='ltr'>e.</span> <span class='ocrx_word' id='word_1_451' title='bbox 684 2188 744 2217; x_wconf 76' lang='lat'>&#39;210</span> <span class='ocrx_word' id='word_1_452' title='bbox 769 2197 850 2217; x_wconf 91' lang='lat' dir='ltr'>anno</span> <span class='ocrx_word' id='word_1_453' title='bbox 876 2186 1068 2217; x_wconf 77' lang='lat' dir='ltr'>Artaxerxis</span> <span class='ocrx_word' id='word_1_454' title='bbox 1093 2186 1271 2216; x_wconf 78' lang='lat' dir='ltr'>Mnemonis</span> <span class='ocrx_word' id='word_1_455' title='bbox 1295 2185 1366 2216; x_wconf 74' lang='lat' dir='ltr'>XV.</span> <span class='ocrx_word' id='word_1_456' title='bbox 1412 2197 1429 2215; x_wconf 93' lang='lat' dir='ltr'>a</span> <span class='ocrx_word' id='word_1_457' title='bbox 1455 2185 1602 2227; x_wconf 75' lang='lat' dir='ltr'>passione</span> <span class='ocrx_word' id='word_1_458' title='bbox 1627 2185 1700 2215; x_wconf 85' lang='lat' dir='ltr'>inde</span> <span class='ocrx_word' id='word_1_459' title='bbox 1726 2185 1798 2226; x_wconf 82' lang='lat' dir='ltr'>lege</span> 
     </span>
     <span class='ocr_line' id='line_1_41' title="bbox 151 2236 1798 2280; baseline -0.001 -12"><span class='ocrx_word' id='word_1_460' title='bbox 151 2239 256 2279; x_wconf 86' lang='lat' dir='ltr'>operis</span> <span class='ocrx_word' id='word_1_461' title='bbox 286 2243 408 2269; x_wconf 85' lang='lat' dir='ltr'>mutata</span> <span class='ocrx_word' id='word_1_462' title='bbox 438 2239 520 2269; x_wconf 67' lang='lat' dir='ltr'>laeta</span> <span class='ocrx_word' id='word_1_463' title='bbox 546 2249 627 2280; x_wconf 82' lang='lat' dir='ltr'>quae</span> <span class='ocrx_word' id='word_1_464' title='bbox 652 2239 745 2270; x_wconf 84' lang='lat' dir='ltr'>affert</span> <span class='ocrx_word' id='word_1_465' title='bbox 770 2243 803 2269; x_wconf 90' lang='lat' dir='ltr'>ut</span> <span class='ocrx_word' id='word_1_466' title='bbox 827 2238 911 2280; x_wconf 91' lang='lat' dir='ltr'>apud</span> <span class='ocrx_word' id='word_1_467' title='bbox 936 2238 1167 2279; x_wconf 68' lang='lat' dir='ltr'>Hieronymum</span> <span class='ocrx_word' id='word_1_468' title='bbox 1193 2237 1232 2267; x_wconf 91' lang='lat' dir='ltr'>ad</span> <span class='ocrx_word' id='word_1_469' title='bbox 1258 2248 1356 2267; x_wconf 86' lang='lat' dir='ltr'>annos</span> <span class='ocrx_word' id='word_1_470' title='bbox 1380 2237 1616 2278; x_wconf 79' lang='lat' dir='ltr'>imperatorios,</span> <span class='ocrx_word' id='word_1_471' title='bbox 1648 2236 1689 2267; x_wconf 91' lang='lat' dir='ltr'>ita</span> <span class='ocrx_word' id='word_1_472' title='bbox 1714 2236 1798 2277; x_wconf 90' lang='lat' dir='ltr'>apud</span> 
     </span>
     <span class='ocr_line' id='line_1_42' title="bbox 152 2288 1798 2331; baseline -0.002 -11"><span class='ocrx_word' id='word_1_473' title='bbox 152 2290 253 2331; x_wconf 83' lang='lat' dir='ltr'>ipsum</span> <span class='ocrx_word' id='word_1_474' title='bbox 279 2289 465 2331; x_wconf 72' lang='lat' dir='ltr'>rediguntur</span> <span class='ocrx_word' id='word_1_475' title='bbox 488 2290 528 2320; x_wconf 86' lang='lat' dir='ltr'>ad</span> <span class='ocrx_word' id='word_1_476' title='bbox 552 2290 697 2321; x_wconf 79' lang='lat' dir='ltr'>eonsules</span> <span class='ocrx_word' id='word_1_477' title='bbox 720 2290 872 2321; x_wconf 78' lang='lat' dir='ltr'>laterculo</span> <span class='ocrx_word' id='word_1_478' title='bbox 898 2300 1007 2321; x_wconf 86' lang='lat' dir='ltr'>corum</span> <span class='ocrx_word' id='word_1_479' title='bbox 1031 2290 1160 2321; x_wconf 81' lang='lat' dir='ltr'>inserto.</span> <span class='ocrx_word' id='word_1_480' title='bbox 1207 2289 1347 2330; x_wconf 85' lang='lat' dir='ltr'>exempli</span> <span class='ocrx_word' id='word_1_481' title='bbox 1373 2299 1466 2319; x_wconf 82' lang='lat' dir='ltr'>eausa</span> <span class='ocrx_word' id='word_1_482' title='bbox 1492 2299 1573 2330; x_wconf 87' lang='lat' dir='ltr'>quae.</span> <span class='ocrx_word' id='word_1_483' title='bbox 1599 2288 1656 2318; x_wconf 81' lang='lat' dir='ltr'>sub</span> <span class='ocrx_word' id='word_1_484' title='bbox 1677 2288 1798 2318; x_wconf 77' lang='lat' dir='ltr'>Severo</span> 
     </span>
     <span class='ocr_line' id='line_1_43' title="bbox 150 2339 1798 2383; baseline -0.001 -12"><span class='ocrx_word' id='word_1_485' title='bbox 150 2341 338 2372; x_wconf 81' lang='lat' dir='ltr'>Alexandro</span> <span class='ocrx_word' id='word_1_486' title='bbox 362 2346 530 2372; x_wconf 88' lang='lat' dir='ltr'>narrantur</span> <span class='ocrx_word' id='word_1_487' title='bbox 553 2353 623 2373; x_wconf 85' lang='lat' dir='ltr'>eum</span> <span class='ocrx_word' id='word_1_488' title='bbox 647 2342 732 2383; x_wconf 88' lang='lat' dir='ltr'>apud</span> <span class='ocrx_word' id='word_1_489' title='bbox 749 2342 980 2383; x_wconf 84' lang='lat' dir='ltr'>Hieronymum</span> <span class='ocrx_word' id='word_1_490' title='bbox 1005 2341 1153 2382; x_wconf 79' lang='lat' dir='ltr'>discripta</span> <span class='ocrx_word' id='word_1_491' title='bbox 1179 2341 1239 2371; x_wconf 82' lang='lat' dir='ltr'>sint</span> <span class='ocrx_word' id='word_1_492' title='bbox 1260 2351 1317 2382; x_wconf 86' lang='lat' dir='ltr'>per</span> <span class='ocrx_word' id='word_1_493' title='bbox 1333 2351 1432 2371; x_wconf 78' lang='lat' dir='ltr'>annos</span> <span class='ocrx_word' id='word_1_494' title='bbox 1449 2340 1537 2381; x_wconf 79' lang='lat' dir='ltr'>regui</span> <span class='ocrx_word' id='word_1_495' title='bbox 1557 2340 1633 2373; x_wconf 79' lang='lat' dir='ltr'>eius.</span> <span class='ocrx_word' id='word_1_496' title='bbox 1660 2339 1798 2380; x_wconf 77' lang='lat' dir='ltr'>Prosper</span> 
     </span>
     <span class='ocr_line' id='line_1_44' title="bbox 153 2390 1797 2435; baseline -0.001 -12"><span class='ocrx_word' id='word_1_497' title='bbox 153 2403 191 2423; x_wconf 84' lang='lat' dir='ltr'>ea</span> <span class='ocrx_word' id='word_1_498' title='bbox 211 2392 367 2434; x_wconf 75' lang='lat' dir='ltr'>discripsit</span> <span class='ocrx_word' id='word_1_499' title='bbox 385 2404 442 2434; x_wconf 87' lang='lat' dir='ltr'>per</span> <span class='ocrx_word' id='word_1_500' title='bbox 458 2393 621 2424; x_wconf 78' lang='lat' dir='ltr'>consulum</span> <span class='ocrx_word' id='word_1_501' title='bbox 638 2394 737 2435; x_wconf 81' lang='lat' dir='ltr'>paria⁷</span> <span class='ocrx_word' id='word_1_502' title='bbox 755 2394 897 2424; x_wconf 78' lang='lat' dir='ltr'>tribuens</span> <span class='ocrx_word' id='word_1_503' title='bbox 914 2394 1032 2435; x_wconf 90' lang='lat' dir='ltr'>pariter</span> <span class='ocrx_word' id='word_1_504' title='bbox 1049 2398 1143 2434; x_wconf 86' lang='lat' dir='ltr'>atque</span> <span class='ocrx_word' id='word_1_505' title='bbox 1160 2392 1376 2433; x_wconf 80' lang='lat' dir='ltr'>Hieronymus</span> <span class='ocrx_word' id='word_1_506' title='bbox 1391 2391 1576 2423; x_wconf 75' lang='lat' dir='ltr'>Alexandro</span> <span class='ocrx_word' id='word_1_507' title='bbox 1592 2401 1690 2421; x_wconf 77' lang='lat' dir='ltr'>annos</span> <span class='ocrx_word' id='word_1_508' title='bbox 1705 2390 1797 2422; x_wconf 79' lang='lat' dir='ltr'>Xlll.</span> 
     </span>
     <span class='ocr_line' id='line_1_45' title="bbox 152 2442 1798 2487; baseline -0.002 -13"><span class='ocrx_word' id='word_1_509' title='bbox 152 2443 210 2474; x_wconf 84' lang='lat' dir='ltr'>sed</span> <span class='ocrx_word' id='word_1_510' title='bbox 226 2444 308 2475; x_wconf 89' lang='lat' dir='ltr'>inter</span> <span class='ocrx_word' id='word_1_511' title='bbox 325 2449 467 2486; x_wconf 89' lang='lat' dir='ltr'>tempora</span> <span class='ocrx_word' id='word_1_512' title='bbox 487 2445 575 2485; x_wconf 79' lang='lat' dir='ltr'>regni</span> <span class='ocrx_word' id='word_1_513' title='bbox 594 2456 668 2476; x_wconf 77' lang='lat' dir='ltr'>vera</span> <span class='ocrx_word' id='word_1_514' title='bbox 687 2449 718 2476; x_wconf 87' lang='lat' dir='ltr'>et</span> <span class='ocrx_word' id='word_1_515' title='bbox 735 2456 833 2476; x_wconf 82' lang='lat' dir='ltr'>annos</span> <span class='ocrx_word' id='word_1_516' title='bbox 850 2445 1072 2487; x_wconf 71' lang='lat' dir='ltr'>imlwratorios</span> <span class='ocrx_word' id='word_1_517' title='bbox 1090 2448 1123 2474; x_wconf 91' lang='lat' dir='ltr'>ut</span> <span class='ocrx_word' id='word_1_518' title='bbox 1141 2443 1258 2475; x_wconf 82' lang='lat' dir='ltr'>diserte</span> <span class='ocrx_word' id='word_1_519' title='bbox 1276 2443 1497 2474; x_wconf 64' lang='lat' dir='ltr'>Cassiodorus:</span> <span class='ocrx_word' id='word_1_520' title='bbox 1527 2442 1642 2473; x_wconf 63' lang='lat' dir='ltr'>Devius</span> <span class='ocrx_word' id='word_1_521' title='bbox 1659 2442 1798 2480; x_wconf 57' lang='lat' dir='ltr'>refluae-it</span> 
     </span>
     <span class='ocr_line' id='line_1_46' title="bbox 150 2493 1797 2536; baseline -0.001 -10"><span class='ocrx_word' id='word_1_522' title='bbox 150 2506 234 2526; x_wconf 79' lang='grc' dir='ltr'><em>αηηο</em></span> <span class='ocrx_word' id='word_1_523' title='bbox 261 2507 323 2526; x_wconf 76' lang='lat' dir='ltr'>meo</span> <span class='ocrx_word' id='word_1_524' title='bbox 345 2495 500 2526; x_wconf 70' lang='lat' dir='ltr'>mensibus</span> <span class='ocrx_word' id='word_1_525' title='bbox 515 2496 624 2533; x_wconf 69' lang='lat' dir='ltr'>(ribus,</span> <span class='ocrx_word' id='word_1_526' title='bbox 647 2499 800 2535; x_wconf 72' lang='lat' dir='ltr'>qnantum</span> <span class='ocrx_word' id='word_1_527' title='bbox 817 2497 860 2526; x_wconf 81' lang='lat' dir='ltr'>ml</span> <span class='ocrx_word' id='word_1_528' title='bbox 875 2496 1015 2526; x_wconf 52' lang='lat' dir='ltr'>eonsules</span> <span class='ocrx_word' id='word_1_529' title='bbox 1030 2499 1133 2525; x_wconf 70' lang='lat' dir='ltr'>aulem</span> <span class='ocrx_word' id='word_1_530' title='bbox 1150 2506 1270 2526; x_wconf 78' lang='lat' dir='ltr'>annum</span> <span class='ocrx_word' id='word_1_531' title='bbox 1289 2506 1385 2526; x_wconf 78' lang='lat' dir='ltr'>unum</span> <span class='ocrx_word' id='word_1_532' title='bbox 1411 2496 1619 2536; x_wconf 86' lang='lat' dir='ltr'>similiterque</span> <span class='ocrx_word' id='word_1_533' title='bbox 1645 2494 1674 2524; x_wconf 89' lang='lat' dir='ltr'>in</span> <span class='ocrx_word' id='word_1_534' title='bbox 1693 2493 1797 2525; x_wconf 77' lang='lat' dir='ltr'>Gallo.</span> 
     </span>
     <span class='ocr_line' id='line_1_47' title="bbox 151 2545 1795 2589; baseline -0.002 -12"><span class='ocrx_word' id='word_1_535' title='bbox 151 2547 194 2577; x_wconf 86' lang='lat' dir='ltr'>ita</span> <span class='ocrx_word' id='word_1_536' title='bbox 211 2547 351 2588; x_wconf 75' lang='lat' dir='ltr'>Prosper</span> <span class='ocrx_word' id='word_1_537' title='bbox 367 2558 493 2589; x_wconf 81' lang='lat' dir='ltr'>quoque</span> <span class='ocrx_word' id='word_1_538' title='bbox 510 2547 682 2589; x_wconf 81' lang='lat' dir='ltr'>distinguit.</span> <span class='ocrx_word' id='word_1_539' title='bbox 719 2549 755 2578; x_wconf 91' lang='lat' dir='ltr'>iis</span> <span class='ocrx_word' id='word_1_540' title='bbox 772 2549 861 2579; x_wconf 88' lang='lat' dir='ltr'>annis</span> <span class='ocrx_word' id='word_1_541' title='bbox 886 2556 911 2578; x_wconf 75' lang='lat' dir='ltr'>*a</span> <span class='ocrx_word' id='word_1_542' title='bbox 931 2548 1078 2589; x_wconf 80' lang='lat' dir='ltr'>passione</span> <span class='ocrx_word' id='word_1_543' title='bbox 1097 2546 1236 2585; x_wconf 63' lang='lat' dir='ltr'>domins,</span> <span class='ocrx_word' id='word_1_544' title='bbox 1261 2551 1295 2577; x_wconf 92' lang='lat' dir='ltr'>ut</span> <span class='ocrx_word' id='word_1_545' title='bbox 1311 2547 1513 2589; x_wconf 88' lang='lat' dir='ltr'>appellantur</span> <span class='ocrx_word' id='word_1_546' title='bbox 1530 2547 1558 2576; x_wconf 90' lang='lat' dir='ltr'>in</span> <span class='ocrx_word' id='word_1_547' title='bbox 1577 2545 1795 2586; x_wconf 77' lang='lat' dir='ltr'>antiquissima</span> 
     </span>
     <span class='ocr_line' id='line_1_48' title="bbox 152 2597 1797 2640; baseline -0.001 -12"><span class='ocrx_word' id='word_1_548' title='bbox 152 2599 292 2640; x_wconf 87' lang='lat' dir='ltr'>epitome</span> <span class='ocrx_word' id='word_1_549' title='bbox 323 2598 491 2630; x_wconf 67' lang='lat' dir='ltr'>Vaticana.</span> <span class='ocrx_word' id='word_1_550' title='bbox 523 2599 588 2630; x_wconf 71' lang='lat' dir='ltr'>sive</span> <span class='ocrx_word' id='word_1_551' title='bbox 622 2599 836 2630; x_wconf 77' lang='lat' dir='ltr'>consulatibus</span> <span class='ocrx_word' id='word_1_552' title='bbox 866 2610 1014 2630; x_wconf 81' lang='lat' dir='ltr'>numeros</span> <span class='ocrx_word' id='word_1_553' title='bbox 1045 2609 1170 2640; x_wconf 86' lang='lat' dir='ltr'>quoque</span> <span class='ocrx_word' id='word_1_554' title='bbox 1203 2603 1315 2629; x_wconf 81' lang='lat' dir='ltr'>auctor</span> <span class='ocrx_word' id='word_1_555' title='bbox 1344 2598 1520 2639; x_wconf 72' lang='lat' dir='ltr'>adscripsit.</span> <span class='ocrx_word' id='word_1_556' title='bbox 1576 2597 1696 2627; x_wconf 82' lang='lat' dir='ltr'>scilieet</span> <span class='ocrx_word' id='word_1_557' title='bbox 1726 2606 1797 2626; x_wconf 81' lang='lat' dir='ltr'>eum</span> 
     </span>
     <span class='ocr_line' id='line_1_49' title="bbox 153 2649 1753 2691; baseline -0.002 -11"><span class='ocrx_word' id='word_1_558' title='bbox 153 2649 294 2691; x_wconf 85' lang='lat' dir='ltr'>reliquae</span> <span class='ocrx_word' id='word_1_559' title='bbox 318 2661 471 2680; x_wconf 88' lang='lat' dir='ltr'>annorum</span> <span class='ocrx_word' id='word_1_560' title='bbox 495 2651 732 2681; x_wconf 81' lang='lat' dir='ltr'>munerationes</span> <span class='ocrx_word' id='word_1_561' title='bbox 757 2651 786 2681; x_wconf 94' lang='lat' dir='ltr'>in</span> <span class='ocrx_word' id='word_1_562' title='bbox 811 2651 972 2681; x_wconf 78' lang='lat' dir='ltr'>codicibus</span> <span class='ocrx_word' id='word_1_563' title='bbox 997 2651 1144 2681; x_wconf 77' lang='lat' dir='ltr'>inventae</span> <span class='ocrx_word' id='word_1_564' title='bbox 1169 2661 1186 2680; x_wconf 88' lang='lat' dir='ltr'>a</span> <span class='ocrx_word' id='word_1_565' title='bbox 1211 2650 1346 2681; x_wconf 84' lang='lat' dir='ltr'>librariis</span> <span class='ocrx_word' id='word_1_566' title='bbox 1371 2649 1516 2680; x_wconf 79' lang='lat' dir='ltr'>adiectae</span> <span class='ocrx_word' id='word_1_567' title='bbox 1542 2649 1612 2680; x_wconf 80' lang='lat' dir='ltr'>sint.</span> <span class='ocrx_word' id='word_1_568' title='bbox 1637 2658 1753 2688; x_wconf 88' lang='lat' dir='ltr'>nempe.</span> 
     </span>
     <span class='ocr_line' id='line_1_50' title="bbox 151 2698 1795 2743; baseline 0 -13"><span class='ocrx_word' id='word_1_569' title='bbox 151 2711 250 2731; x_wconf 82' lang='lat' dir='ltr'>annus</span> <span class='ocrx_word' id='word_1_570' title='bbox 274 2701 382 2732; x_wconf 92' lang='lat' dir='ltr'>mundi</span> <span class='ocrx_word' id='word_1_571' title='bbox 410 2701 450 2731; x_wconf 89' lang='lat' dir='ltr'>ad</span> <span class='ocrx_word' id='word_1_572' title='bbox 475 2712 505 2743; x_wconf 91' lang='lat' dir='ltr'>p.</span> <span class='ocrx_word' id='word_1_573' title='bbox 531 2701 602 2732; x_wconf 76' lang='lat' dir='ltr'>Chr.</span> <span class='ocrx_word' id='word_1_574' title='bbox 627 2703 703 2734; x_wconf 68' lang='lat'>370.</span> <span class='ocrx_word' id='word_1_575' title='bbox 735 2713 753 2732; x_wconf 89' lang='lat' dir='ltr'>a</span> <span class='ocrx_word' id='word_1_576' title='bbox 785 2713 846 2743; x_wconf 91' lang='lat' dir='ltr'>quo</span> <span class='ocrx_word' id='word_1_577' title='bbox 871 2702 1010 2743; x_wconf 79' lang='lat' dir='ltr'>Prosper</span> <span class='ocrx_word' id='word_1_578' title='bbox 1033 2702 1100 2743; x_wconf 81' lang='lat' dir='ltr'>ipse</span> <span class='ocrx_word' id='word_1_579' title='bbox 1126 2702 1243 2743; x_wconf 79' lang='lat' dir='ltr'>incipit.</span> <span class='ocrx_word' id='word_1_580' title='bbox 1276 2700 1668 2741; x_wconf 68' lang='lat' dir='ltr'>l&#39;DLXXXadseriptus</span> <span class='ocrx_word' id='word_1_581' title='bbox 1693 2705 1739 2728; x_wconf 83' lang='lat' dir='ltr'>est</span> <span class='ocrx_word' id='word_1_582' title='bbox 1764 2698 1795 2728; x_wconf 87' lang='lat' dir='ltr'>in</span> 
     </span>
    </p>

    <p class='ocr_par' dir='ltr' id='par_1_5' title="bbox 258 2752 1021 2795">
     <span class='ocr_line' id='line_1_51' title="bbox 258 2752 1021 2795; baseline 0.001 -12"><span class='ocrx_word' id='word_1_583' title='bbox 258 2752 366 2783; x_wconf 74' lang='lat' dir='ltr'>codice</span> <span class='ocrx_word' id='word_1_584' title='bbox 387 2752 415 2783; x_wconf 82' lang='lat' dir='ltr'><strong><em>P</em></strong></span> <span class='ocrx_word' id='word_1_585' title='bbox 436 2753 562 2784; x_wconf 87' lang='lat' dir='ltr'>omnino</span> <span class='ocrx_word' id='word_1_586' title='bbox 587 2753 725 2784; x_wconf 78' lang='lat' dir='ltr'>adscitus</span> <span class='ocrx_word' id='word_1_587' title='bbox 749 2764 789 2784; x_wconf 84' lang='lat' dir='ltr'>ex</span> <span class='ocrx_word' id='word_1_588' title='bbox 814 2753 1021 2795; x_wconf 78' lang='lat' dir='ltr'>Hieronymo.</span> 
     </span>
    </p>

    <p class='ocr_par' dir='ltr' id='par_1_6' title="bbox 253 2806 1588 2834">
     <span class='ocr_line' id='line_1_52' title="bbox 253 2806 1588 2834; baseline -0.001 -1"><span class='ocrx_word' id='word_1_589' title='bbox 253 2815 388 2834; x_wconf 64' lang='lat' dir='ltr'>canosum.</span> <span class='ocrx_word' id='word_1_590' title='bbox 616 2813 620 2817; x_wconf 96' lang='grc'><strong>’</strong></span> <span class='ocrx_word' id='word_1_591' title='bbox 1555 2806 1588 2831; x_wconf 70' lang='grc'>45</span> 
     </span>
    </p>
   </div>
  </div>
 </body>
</html>
