2118 3122
247 1035 268 1051 {5

259 1048 262 1051 .
283 1068 334 1100 14.
351 1071 399 1101 711.

244 1294 269 1311 21)

280 156 341 184 3211

346 449 393 478 To.

344 1332 393 1362 So.

344 1439 394 1466 51.

348 2115 398 2144 ⁹53.

993 151 1222 177 coxsx'lisltlsx

640 238 867 270 AXOXYJII
897 238 1151 269 1'Al,12'Sl.›1Nl
1172 238 1228 270 J’A
1239 238 1293 269 RS
1315 238 1582 270 POSTERIOR.

412 292 552 323 viveret.
584 291 636 332 11111
663 296 735 332 post
761 301 911 321 occasum
943 291 1012 320 cius
1045 301 1178 331 regnum
1215 291 1407 333 susciperet.
1454 291 1534 323 haec
1564 290 1679 322 codem
1710 291 1875 333 cogitante
1904 295 1936 323 ct

409 352 521 374 ιιι-111111·
539 354 610 374 cum
630 343 759 374 ieiunio.
785 341 924 384 quadam
943 347 1039 373 noctu
1059 341 1137 373 vidit
1155 342 1328 379 hominem,
1353 343 1408 385 qui
1425 343 1469 374 ita
1487 354 1561 375 eum
1579 343 1760 375 admonuit:
1785 345 1937 376 ‘crastino

409 396 461 436 qui
480 395 537 426 tibi
555 395 677 436 priums
694 395 775 425 iutra
793 393 978 425 cubiculum
998 394 1164 425 nuntiatus
1184 394 1292 426 fucrit.
1310 395 1378 437 ipse
1392 395 1529 437 accipiet
1541 399 1615 437 post
1629 399 1661 427 te
1675 406 1809 438 regnum
1825 397 1936 428 tuum'.

410 447 452 478 ita
478 448 599 477 factum
625 451 690 478 est,
721 450 755 476 ut
783 445 942 477 lustinus.
968 445 1021 486 qui
1051 456 1160 477 comes
1185 451 1255 477 erat
1279 446 1520 485 excubitorum,
1549 447 1624 478 dum
1648 447 1851 487 advenisset,
1882 448 1937 479 ubi

409 498 552 529 directus
585 498 690 529 suerat
720 497 760 528 ab
794 498 1007 539 imperatore.
1040 498 1280 529 rcmmtiarctur
1312 499 1380 540 ipse
1409 499 1438 530 ei
1471 499 1593 540 primus
1630 509 1688 540 per
1715 499 1937 542 praepositum

409 550 559 581 cubiculi.
607 560 745 591 cumque
772 549 851 581 haec
877 549 1092 589 cognovisset.
1123 550 1230 591 cocpit
1254 551 1376 591 gratias
1402 550 1463 581 deo
1488 550 1619 587 referre,
1652 552 1705 593 qui
1730 551 1759 582 ei
1784 550 1937 592 dignatus

410 608 459 632 cst
484 603 631 634 revelare
657 612 895 633 successorem.

389 664 549 696 ‚cunique
575 654 655 686 haee
681 653 767 697 apud
792 664 826 685 se
851 653 950 684 tacite
976 653 1161 692 habuisset,
1187 653 1327 694 quadam
1351 653 1404 685 die
1429 654 1611 696 procedens
1637 655 1830 697 imperator,
1861 655 1937 686 dum

409 707 544 737 festinus
575 706 746 749 [lustinus]
772 706 871 737 vellet
895 716 913 737 a
938 706 1040 737 latere
1071 705 1276 748 imperatoris
1301 706 1450 745 transire,
1475 705 1668 748 obsequium
1691 706 1841 739 ordinare
1869 708 1936 739 vel-

409 759 490 789 lens.
516 759 654 790 caleavit
679 758 884 799 chlamydem
910 757 1126 799 imperatoris.

389 811 460 841 .cui
493 811 669 852 imperator
704 812 763 842 hoc
799 814 923 841 tantum
955 810 1035 841 dixit
1069 810 1156 852 ‘quid
1193 810 1365 841 festinas?³
1421 821 1494 842 nam
1526 811 1641 842 ultima
1667 811 1733 842 vita
1764 811 1855 853 regni
1889 812 1938 843 sui

409 868 574 905 temptans
611 874 684 894 eum
721 863 886 894 diabolus.
923 862 1048 893 vellens
1084 867 1208 893 sectam
1238 862 1477 894 Eunomianam
1518 863 1627 905 sequi:
1666 874 1761 906 quem
1798 864 1938 907 populus

411 914 514 945 tidelis
542 916 707 957 repressit.
733 916 775 945 ita
800 920 834 945 ut
858 915 887 944 ci
921 914 950 944 iu
975 914 1115 945 ecclesia
1143 914 1357 946 clamaretur:
1389 915 1432 946 ‘in
1457 915 1636 947 trinitatem
1662 915 1844 948 lanceolam
1872 927 1936 948 non

408 966 530 997 mittis'.
577 978 640 998 nou
665 971 736 1009 post
762 967 898 997 multum
923 966 1079 1008 temporis
1111 967 1142 997 in
1174 967 1258 997 lecto
1284 977 1343 998 suo
1369 967 1453 998 intra
1478 967 1591 999 urbem
1619 967 1935 1011 Constantinopolim

409 1019 519 1049 morbo
544 1023 654 1050 tentus
679 1024 860 1050 extremam
886 1019 1003 1049 clausit
1027 1018 1123 1050 diem.

416 1069 516 1111 Igitur
542 1081 598 1102 rex
623 1070 846 1102 Theodericus
872 1071 1070 1102 inlitteratus
1094 1076 1163 1102 erat
1188 1074 1220 1102 ct
1245 1071 1291 1102 sic
1317 1071 1432 1102 obruto
1458 1082 1568 1109 sensu,
1594 1076 1629 1103 ut
1654 1073 1685 1103 in
1707 1072 1819 1104 decem
1837 1083 1938 1104 annos

409 1123 498 1163 regui
523 1124 569 1154 sui
599 1128 753 1164 quattuor
775 1124 900 1155 litteras
928 1123 1176 1165 subscriptionis
1202 1123 1299 1154 edicti
1324 1123 1374 1154 sui
1398 1123 1524 1154 discere
1552 1124 1739 1156 nullatenus
1767 1125 1938 1167 potuisset.

409 1173 449 1205 de
475 1185 536 1216 qua
562 1186 595 1206 re
615 1175 766 1206 laminam
789 1186 921 1206 auream
949 1175 1042 1205 iussit
1068 1175 1285 1206 interrasilem
1304 1175 1372 1206 fieri
1397 1180 1549 1217 quattuor
1567 1177 1693 1208 litteras
1710 1175 1796 1218 *legi*
1815 1177 1938 1208 haben-

409 1232 490 1258 tem:
515 1226 600 1258 unde
627 1228 652 1257 si
669 1228 875 1259 subscribere
894 1227 1063 1259 voluisset.
1091 1228 1198 1269 posita
1217 1228 1336 1258 lamina
1355 1238 1454 1269 super
1470 1227 1614 1259 chartam
1634 1239 1692 1270 per
1709 1239 1780 1260 eam
1798 1239 1938 1271 pennam

409 1278 561 1312 ducebat.
588 1285 622 1310 ut
645 1280 843 1321 subscriptio
869 1280 939 1310 eius
965 1284 1090 1310 tantum
1117 1278 1292 1311 videretur.

410 1330 496 1371 Ergo
514 1331 737 1362 Theodericus
763 1331 838 1363 dato
864 1332 1033 1363 consulatu
1059 1331 1235 1362 Eutharico
1258 1331 1364 1362 Roma
1389 1336 1420 1362 et
1437 1331 1596 1364 Ravenna
1620 1333 1844 1375 triumphavit.
1885 1333 1938 1375 qui

410 1383 605 1415 Eutharicus
631 1384 726 1414 nimis
751 1395 847 1425 asper
872 1384 931 1415 t'uit
956 1389 987 1415 ct
1016 1389 1127 1415 eontra
1151 1383 1247 1415 fidem
1273 1384 1470 1415 catholicam
1495 1384 1655 1416 inimicus.

410 1442 481 1477 post
508 1435 587 1467 haee
612 1435 816 1467 Theoderico
842 1436 973 1467 Verona
999 1436 1197 1467 consistente
1223 1440 1354 1478 propter
1384 1441 1505 1467 metum
1533 1437 1677 1478 gentium
1711 1437 1795 1468 facta
1822 1441 1872 1469 est
1902 1437 1940 1468 lis

410 1488 493 1518 inter
518 1487 720 1519 Christianos
743 1493 775 1520 et
802 1488 940 1519 Iudaeos
959 1488 1177 1519 Ravennates.
1220 1498 1318 1529 quare
1345 1487 1459 1518 ludaei
1486 1488 1667 1529 baptizatos
1691 1489 1840 1521 nolentes
1865 1489 1939 1520 dum

410 1540 523 1571 ludunt
549 1541 738 1582 frequenter
761 1540 904 1572 oblatam
931 1541 961 1571 in
986 1551 1103 1582 aquam
1129 1540 1270 1571 fluminis
1302 1540 1515 1572 lactaverunt.
1564 1539 1681 1571 dehinc
1706 1551 1866 1573 accensus
1891 1545 1940 1573 est

408 1593 548 1634 populus
581 1603 642 1623 non
674 1593 886 1625 observantes
916 1604 1020 1635 neque
1047 1593 1114 1634 regi
1140 1603 1246 1634 neque
1273 1592 1449 1624 Eutharico
1475 1596 1529 1624 aut
1554 1592 1662 1629 Petro,
1688 1593 1741 1635 qui
1767 1598 1843 1625 tunc
1868 1595 1938 1636 epi-

409 1655 525 1686 scopus
551 1650 630 1675 crat.
656 1650 889 1687 consurgentes
911 1644 950 1676 ad
977 1656 1172 1686 synagogas.
1197 1655 1270 1675 mox
1292 1655 1346 1675 eas
1367 1644 1591 1676 incenderunt.
1631 1645 1716 1686 quod
1734 1650 1766 1677 et
1785 1646 1815 1677 in
1834 1646 1940 1678 Roma

411 1697 441 1727 in
467 1707 501 1728 re
525 1696 639 1728 eadem
666 1698 816 1729 similiter
842 1698 990 1739 contigit.

367 1756 483 1779 ·.mox
503 1749 614 1780 ludaei
634 1755 804 1781 currentes
815 1750 989 1781 Veronam.
1011 1750 1064 1781 ubi
1085 1761 1141 1781 rex
1167 1755 1246 1781 erat.
1272 1757 1390 1791 agente
1407 1749 1558 1781 Triwane
1578 1750 1765 1792 praeposito
1785 1750 1938 1788 cubiculi,

410 1807 441 1831 et
472 1801 540 1842 ipse
571 1801 757 1832 hacreticus
787 1802 900 1833 favens
927 1802 1071 1833 Iudaeis.
1098 1802 1265 1833 insinuans
1291 1802 1358 1842 regi
1387 1802 1509 1832 factum
1539 1802 1696 1833 adversus
1725 1801 1938 1834 Christianos.

409 1853 461 1893 qui
492 1863 566 1883 mox
603 1853 695 1883 iussit
725 1858 856 1895 propter
887 1854 1184 1896 praesumptionem
1216 1853 1372 1887 incendii.
1402 1859 1436 1884 ut
1475 1854 1579 1885 omnis
1605 1855 1744 1897 populus
1770 1855 1939 1886 Romanus

410 1904 611 1935 Ravennatis
640 1916 842 1947 synagogas.
868 1916 949 1947 quas
983 1905 1133 1936 incendio
1159 1911 1468 1940 concremaverunt,
1505 1905 1582 1936 data
1605 1907 1744 1947 pecunia
1773 1911 1938 1938 restaura-

411 1963 494 1987 rent:
521 1957 574 1998 qui
601 1968 674 1988 vero
704 1968 766 1988 non
794 1958 986 1989 habuissent
1012 1957 1096 1988 unde
1124 1957 1201 1988 dare
1230 1957 1360 1988 frustati
1386 1967 1442 1999 per
1468 1957 1634 1999 publicum
1659 1958 1718 1989 sub
1744 1969 1822 1990 voce
1845 1969 1939 2001 prae-

412 2009 503 2039 conia
521 2009 726 2040 ducerentur.
766 2009 841 2040 data
866 2014 1042 2051 praecepta
1067 2008 1107 2039 ad
1127 2008 1338 2040 Eutharieum
1359 2008 1508 2050 Cilligam
1534 2013 1567 2040 et
1589 2009 1720 2041 Petrum
1747 2010 1938 2053 episcopum

413 2061 591 2091 secundum
618 2061 701 2092 hunc
727 2066 872 2092 tenorem
898 2068 931 2093 et
955 2062 999 2092 ita
1023 2061 1247 2103 adimpletum.

416 2112 462 2142 Ex
498 2124 536 2143 co
570 2114 654 2144 enim
689 2114 812 2145 invenit
849 2113 999 2145 diabolus
1036 2113 1156 2152 locum⁷
1194 2123 1290 2154 quem
1324 2113 1363 2144 ad
1397 2112 1528 2144 modum
1562 2113 1725 2144 hominem
1756 2113 1840 2145 bene
1871 2124 1939 2145 rem

414 2164 576 2205 publicam
608 2166 677 2196 sine
707 2166 853 2207 querella
885 2166 1120 2207 gubernantem
1153 2165 1348 2206 subriperet.
1396 2176 1467 2196 nam
1493 2175 1568 2196 mox
1593 2165 1688 2196 iussit
1718 2165 1757 2197 ad
1786 2165 1937 2197 fonticlos

415 2217 444 2246 111
471 2218 613 2258 proastio
644 2218 782 2249 civitatis
808 2218 1008 2249 Veronensis
1041 2218 1215 2248 oratorium
1253 2217 1335 2248 santi
1366 2217 1524 2259 Stephani
1550 2217 1580 2248 id
1610 2221 1660 2249 cst
1690 2217 1840 2248 altarium
1864 2217 1938 2248 sub-

416 2268 504 2298 verti.
553 2269 628 2299 item
655 2275 689 2300 ut
715 2270 820 2301 nullus
841 2270 1005 2301 Romanus
1031 2281 1121 2301 arma
1146 2280 1246 2311 usque
1271 2269 1311 2300 ad
1336 2269 1502 2301 cultellum
1528 2273 1684 2306 uteretur,
1710 2269 1821 2301 vetuit.

393 2321 488 2351 .it‹·m
516 2321 631 2351 mulim-
655 2332 778 2363 pauper
802 2322 841 2353 de
871 2327 968 2363 gente
994 2322 1149 2359 Gothica,
1181 2322 1290 2353 iacens
1320 2322 1379 2352 suh
1407 2322 1532 2364 porticu
1563 2332 1625 2353 non
1651 2322 1747 2363 longe
1776 2332 1795 2352 a
1818 2322 1939 2363 palatio

417 2371 613 2403 Ravennati.
643 2379 796 2414 quattuor
821 2374 991 2411 «generavit
1014 2374 1187 2404 dracones:
1213 2373 1276 2404 (luo
1299 2373 1338 2404 (le
1364 2373 1533 2404 occidente
1564 2374 1594 2404 in
1619 2374 1777 2405 orientem
1807 2373 1882 2404 ferri
1908 2373 1939 2404 in

415 2424 555 2454 nubibus
584 2436 600 2453 a
638 2426 757 2466 populo
790 2427 847 2456 visi
886 2430 961 2456 sunt
993 2432 1025 2456 ct
1059 2426 1088 2456 in
1120 2426 1198 2457 mari
1230 2426 1458 2468 praecipitari,
1493 2425 1556 2456 duo
1588 2425 1705 2467 portati
1735 2430 1810 2456 sunt
1840 2435 1938 2456 unum

415 2483 511 2517 caput
530 2476 697 2508 laiht-ntes.
736 2478 829 2508 stella
849 2489 920 2508 1-11111
943 2478 1048 2508 fat-ula
1068 2478 1230 2520 apparuit.
1248 2488 1330 2519 quae
1349 2477 1466 2508 dieitur
1490 2488 1610 2509 comes⁴
1629 2477 1775 2519 pendens
1792 2487 1850 2519 per
1869 2477 1938 2508 dies

414 2527 608 2568 quindei-im.
670 2535 775 2560 terrac
817 2536 904 2560 mota
945 2531 1134 2571 frequenter
1157 2531 1298 2560 fuerunt.

372 2582 484 2620 [pust
523 2580 603 2611 hae«-
639 2582 743 2623 voc—pit
781 2582 937 2612 adversus
964 2582 1127 2613 Romanos
1160 2592 1215 2612 rex
1252 2582 1388 2613 subinde
1425 2583 1564 2613 fremere
1596 2581 1727 2613 inventa
1755 2581 1937 2612 occasione.

415 2633 614 2673 l'ypriauus.
646 2633 698 2673 11111
725 2640 798 2664 tum·
833 2633 1072 2664 referendarius
1108 2639 1193 2671 crat,
1231 2639 1341 2675 postea
1372 2645 1481 2665 comes
1517 2644 1682 2665 sacrarum
1713 2637 1745 2664 et
1774 2633 1938 2675 iungister‚

415 2690 506 2714 actus
527 2685 704 2725 cupiditate
734 2685 901 2716 insinuans
925 2685 964 2716 de
984 2686 1102 2716 Albino
1128 2686 1274 2727 patricio,
1299 2696 1337 2715 co
1363 2686 1448 2727 quod
1475 2686 1598 2717 litteras
1623 2685 1778 2717 adversus
1803 2695 1937 2727 regnum

419 2736 488 2766 eius
522 2737 707 2778 imperatori
747 2736 868 2768 lustina
905 2738 1065 2768 misisset:
1102 2737 1187 2779 quod
1222 2738 1343 2769 factum
1373 2737 1449 2769 dum
1478 2738 1641 2769 revoeitus
1677 2741 1829 2779 negaret,
1863 2741 1938 2768 tunc

419 2787 571 2818 Boethius
601 2789 769 2830 patricius,
805 2790 858 2831 qui
896 2790 1051 2831 magister
1086 2790 1264 2821 officiorum
1304 2794 1389 2829 erat,
1430 2790 1459 2821 in
1501 2794 1678 2832 conspectu
1714 2789 1801 2831 regis
1839 2788 1937 2820 dixit:
