<?xml version="1.0" encoding="UTF-8"?>
<!DOCTYPE html PUBLIC "-//W3C//DTD XHTML 1.0 Transitional//EN"
    "http://www.w3.org/TR/xhtml1/DTD/xhtml1-transitional.dtd">
<html xmlns="http://www.w3.org/1999/xhtml" xml:lang="en" lang="en">
 <head>
  <title>
</title>
<meta http-equiv="Content-Type" content="text/html;charset=utf-8" />
  <meta name='ocr-system' content='tesseract 3.04.00' />
  <meta name='ocr-capabilities' content='ocr_page ocr_carea ocr_par ocr_line ocrx_word'/>
</head>
<body>
  <div class='ocr_page' id='page_1' title='image "./monumentagermani09geseuoft_0281.png"; bbox 0 0 2118 3122; ppageno 0'>
   <div class='ocr_carea' id='block_1_1' title="bbox 126 592 1780 1205">
    <p class='ocr_par' dir='ltr' id='par_1_1' title="bbox 126 592 1780 1205">
     <span class='ocr_line' id='line_1_1' title="bbox 231 592 1778 634; baseline 0.001 -12"><span class='ocrx_word' id='word_1_1' title='bbox 231 593 387 624; x_wconf 67' lang='lat' dir='ltr'>Clu-oniea</span> <span class='ocrx_word' id='word_1_2' title='bbox 420 593 529 623; x_wconf 78' lang='lat' dir='ltr'>ltaliea</span> <span class='ocrx_word' id='word_1_3' title='bbox 560 592 649 623; x_wconf 81' lang='lat' dir='ltr'>nohis</span> <span class='ocrx_word' id='word_1_4' title='bbox 683 592 828 623; x_wconf 70' lang='lat' dir='ltr'>divumur</span> <span class='ocrx_word' id='word_1_5' title='bbox 857 603 939 634; x_wconf 87' lang='lat' dir='ltr'>quae</span> <span class='ocrx_word' id='word_1_6' title='bbox 971 593 1065 623; x_wconf 87' lang='lat' dir='ltr'>hodie</span> <span class='ocrx_word' id='word_1_7' title='bbox 1099 594 1199 624; x_wconf 69' lang='lat' dir='ltr'>solent</span> <span class='ocrx_word' id='word_1_8' title='bbox 1231 594 1399 634; x_wconf 67' lang='lat' dir='ltr'>significari</span> <span class='ocrx_word' id='word_1_9' title='bbox 1435 593 1589 624; x_wconf 64' lang='lat' dir='ltr'>voeabulo</span> <span class='ocrx_word' id='word_1_10' title='bbox 1626 594 1778 624; x_wconf 75' lang='lat' dir='ltr'>fastorum</span> 
     </span>
     <span class='ocr_line' id='line_1_2' title="bbox 128 644 1780 686; baseline 0 -10"><span class='ocrx_word' id='word_1_11' title='bbox 128 645 362 676; x_wconf 83' lang='lat' dir='ltr'>Ravennatium</span> <span class='ocrx_word' id='word_1_12' title='bbox 394 644 492 675; x_wconf 87' lang='lat' dir='ltr'>indito</span> <span class='ocrx_word' id='word_1_13' title='bbox 523 645 558 676; x_wconf 83' lang='lat' dir='ltr'>iis</span> <span class='ocrx_word' id='word_1_14' title='bbox 587 655 605 675; x_wconf 81' lang='lat' dir='ltr'>a</span> <span class='ocrx_word' id='word_1_15' title='bbox 632 644 767 675; x_wconf 78' lang='lat' dir='ltr'>Waitzio</span> <span class='ocrx_word' id='word_1_16' title='bbox 798 645 862 686; x_wconf 57' lang='lat' dir='ltr'>(fist</span> <span class='ocrx_word' id='word_1_17' title='bbox 886 645 1144 675; x_wconf 37' lang='lat' dir='ltr'>rarrnmtsliselwn</span> <span class='ocrx_word' id='word_1_18' title='bbox 1169 645 1317 676; x_wconf 50' lang='lat' dir='ltr'>„innah—‚2</span> <span class='ocrx_word' id='word_1_19' title='bbox 1339 645 1388 675; x_wconf 74' lang='lat' dir='ltr'>als</span> <span class='ocrx_word' id='word_1_20' title='bbox 1414 645 1623 684; x_wconf 71' lang='lat' dir='ltr'>llaemplquelle</span> <span class='ocrx_word' id='word_1_21' title='bbox 1645 645 1700 684; x_wconf 72' lang='lat' dir='ltr'>fiir</span> <span class='ocrx_word' id='word_1_22' title='bbox 1728 646 1780 676; x_wconf 76' lang='lat' dir='ltr'>die</span> 
     </span>
     <span class='ocr_line' id='line_1_3' title="bbox 130 696 1777 736; baseline 0.001 -11"><span class='ocrx_word' id='word_1_23' title='bbox 130 696 310 727; x_wconf 49' lang='lat' dir='ltr'>‹ruscha-hta*</span> <span class='ocrx_word' id='word_1_24' title='bbox 333 696 385 726; x_wconf 58' lang='lat' dir='ltr'>des</span> <span class='ocrx_word' id='word_1_25' title='bbox 406 696 579 729; x_wconf 65' lang='lat' dir='ltr'>Odavalcnr.</span> <span class='ocrx_word' id='word_1_26' title='bbox 605 696 818 727; x_wconf 43' lang='lat' dir='ltr'>dicteria-lmen</span> <span class='ocrx_word' id='word_1_27' title='bbox 841 697 896 727; x_wconf 75' lang='lat' dir='ltr'>‹lt-r</span> <span class='ocrx_word' id='word_1_28' title='bbox 915 697 1078 736; x_wconf 64' lang='lat' dir='ltr'>(liilliuyvr</span> <span class='ocrx_word' id='word_1_29' title='bbox 1097 697 1302 736; x_wconf 63' lang='lat' dir='ltr'>(istst-llsr-lms!</span> <span class='ocrx_word' id='word_1_30' title='bbox 1325 697 1380 727; x_wconf 71' lang='lat' dir='ltr'>dm·</span> <span class='ocrx_word' id='word_1_31' title='bbox 1407 697 1669 736; x_wconf 65' lang='lat' dir='ltr'>ll&#39;issrimchaslwz</span> <span class='ocrx_word' id='word_1_32' title='bbox 1700 699 1777 728; x_wconf 62' lang='lat'>1505</span> 
     </span>
     <span class='ocr_line' id='line_1_4' title="bbox 126 747 1778 790; baseline 0.001 -13"><span class='ocrx_word' id='word_1_33' title='bbox 126 759 157 790; x_wconf 87' lang='lat' dir='ltr'>p.</span> <span class='ocrx_word' id='word_1_34' title='bbox 175 750 254 778; x_wconf 50' lang='lat'>⁵1-—</span> <span class='ocrx_word' id='word_1_35' title='bbox 269 751 274 778; x_wconf 93' lang='lat' dir='ltr'>l</span> <span class='ocrx_word' id='word_1_36' title='bbox 291 750 295 778; x_wconf 98' lang='grc' dir='ltr'>Ι</span> <span class='ocrx_word' id='word_1_37' title='bbox 313 747 338 779; x_wconf 76' lang='lat' dir='ltr'>l‘)</span> <span class='ocrx_word' id='word_1_38' title='bbox 362 758 418 789; x_wconf 88' lang='lat' dir='ltr'>pro</span> <span class='ocrx_word' id='word_1_39' title='bbox 444 759 476 778; x_wconf 88' lang='lat' dir='ltr'>re</span> <span class='ocrx_word' id='word_1_40' title='bbox 501 748 593 778; x_wconf 79' lang='lat' dir='ltr'>nimis</span> <span class='ocrx_word' id='word_1_41' title='bbox 617 754 766 788; x_wconf 75' lang='lat' dir='ltr'>angusto:</span> <span class='ocrx_word' id='word_1_42' title='bbox 792 759 863 778; x_wconf 86' lang='lat' dir='ltr'>nam</span> <span class='ocrx_word' id='word_1_43' title='bbox 889 752 922 779; x_wconf 87' lang='lat' dir='ltr'>ut</span> <span class='ocrx_word' id='word_1_44' title='bbox 947 749 1109 790; x_wconf 85' lang='lat' dir='ltr'>aliquanto</span> <span class='ocrx_word' id='word_1_45' title='bbox 1134 754 1229 779; x_wconf 87' lang='lat' dir='ltr'>autea</span> <span class='ocrx_word' id='word_1_46' title='bbox 1253 748 1347 779; x_wconf 74' lang='lat' dir='ltr'>sei-ibi</span> <span class='ocrx_word' id='word_1_47' title='bbox 1372 753 1485 790; x_wconf 84' lang='lat' dir='ltr'>coepta</span> <span class='ocrx_word' id='word_1_48' title='bbox 1510 754 1582 779; x_wconf 82' lang='lat' dir='ltr'>sunt</span> <span class='ocrx_word' id='word_1_49' title='bbox 1601 760 1695 790; x_wconf 88' lang='lat' dir='ltr'>quam</span> <span class='ocrx_word' id='word_1_50' title='bbox 1713 748 1778 779; x_wconf 80' lang='lat' dir='ltr'>Ra-</span> 
     </span>
     <span class='ocr_line' id='line_1_5' title="bbox 128 799 1778 842; baseline 0.001 -13"><span class='ocrx_word' id='word_1_51' title='bbox 128 810 228 830; x_wconf 78' lang='lat' dir='ltr'>venna</span> <span class='ocrx_word' id='word_1_52' title='bbox 260 799 355 830; x_wconf 82' lang='lat' dir='ltr'>sedes</span> <span class='ocrx_word' id='word_1_53' title='bbox 391 800 472 830; x_wconf 80' lang='lat' dir='ltr'>faeta</span> <span class='ocrx_word' id='word_1_54' title='bbox 503 805 550 830; x_wconf 87' lang='lat' dir='ltr'>est</span> <span class='ocrx_word' id='word_1_55' title='bbox 582 800 705 841; x_wconf 86' lang='lat' dir='ltr'>imperii</span> <span class='ocrx_word' id='word_1_56' title='bbox 731 799 929 832; x_wconf 16' lang='lat' dir='ltr'>(eleeidentis.</span> <span class='ocrx_word' id='word_1_57' title='bbox 962 800 1002 830; x_wconf 87' lang='lat' dir='ltr'>ita</span> <span class='ocrx_word' id='word_1_58' title='bbox 1035 811 1092 841; x_wconf 85' lang='lat' dir='ltr'>per</span> <span class='ocrx_word' id='word_1_59' title='bbox 1120 801 1209 842; x_wconf 85' lang='lat' dir='ltr'>plura</span> <span class='ocrx_word' id='word_1_60' title='bbox 1234 801 1362 830; x_wconf 84' lang='lat' dir='ltr'>saeeula</span> <span class='ocrx_word' id='word_1_61' title='bbox 1386 801 1569 831; x_wconf 83' lang='lat' dir='ltr'>eontinuata</span> <span class='ocrx_word' id='word_1_62' title='bbox 1604 812 1666 831; x_wconf 90' lang='lat' dir='ltr'>nou</span> <span class='ocrx_word' id='word_1_63' title='bbox 1693 806 1778 831; x_wconf 77' lang='lat' dir='ltr'>reete</span> 
     </span>
     <span class='ocr_line' id='line_1_6' title="bbox 127 851 1779 894; baseline 0.001 -13"><span class='ocrx_word' id='word_1_64' title='bbox 127 857 234 881; x_wconf 86' lang='lat' dir='ltr'>eertae</span> <span class='ocrx_word' id='word_1_65' title='bbox 259 851 351 881; x_wconf 81' lang='lat' dir='ltr'>alieni</span> <span class='ocrx_word' id='word_1_66' title='bbox 376 851 445 881; x_wconf 87' lang='lat' dir='ltr'>urbi</span> <span class='ocrx_word' id='word_1_67' title='bbox 470 851 692 882; x_wconf 82' lang='lat' dir='ltr'>atti-ilumntur.</span> <span class='ocrx_word' id='word_1_68' title='bbox 739 851 887 882; x_wconf 78' lang='lat' dir='ltr'>chronica</span> <span class='ocrx_word' id='word_1_69' title='bbox 912 852 990 882; x_wconf 85' lang='lat' dir='ltr'>haee</span> <span class='ocrx_word' id='word_1_70' title='bbox 1015 852 1038 882; x_wconf 87' lang='lat' dir='ltr'>si</span> <span class='ocrx_word' id='word_1_71' title='bbox 1064 852 1105 882; x_wconf 86' lang='lat' dir='ltr'>ita</span> <span class='ocrx_word' id='word_1_72' title='bbox 1132 852 1254 892; x_wconf 83' lang='lat' dir='ltr'>integra</span> <span class='ocrx_word' id='word_1_73' title='bbox 1281 851 1321 882; x_wconf 86' lang='lat' dir='ltr'>ad</span> <span class='ocrx_word' id='word_1_74' title='bbox 1347 863 1403 883; x_wconf 84' lang='lat' dir='ltr'>nos</span> <span class='ocrx_word' id='word_1_75' title='bbox 1428 853 1658 894; x_wconf 76' lang='lat' dir='ltr'>pervenissent,</span> <span class='ocrx_word' id='word_1_76' title='bbox 1683 857 1715 883; x_wconf 84' lang='lat' dir='ltr'>ut</span> <span class='ocrx_word' id='word_1_77' title='bbox 1739 851 1779 882; x_wconf 87' lang='lat' dir='ltr'>ad</span> 
     </span>
     <span class='ocr_line' id='line_1_7' title="bbox 127 902 1778 946; baseline 0.001 -13"><span class='ocrx_word' id='word_1_78' title='bbox 127 913 243 933; x_wconf 89' lang='lat' dir='ltr'>nonum</span> <span class='ocrx_word' id='word_1_79' title='bbox 268 903 429 933; x_wconf 84' lang='lat' dir='ltr'>saeeulum</span> <span class='ocrx_word' id='word_1_80' title='bbox 455 902 594 933; x_wconf 88' lang='lat' dir='ltr'>medium</span> <span class='ocrx_word' id='word_1_81' title='bbox 621 902 767 934; x_wconf 79' lang='lat' dir='ltr'>videntur</span> <span class='ocrx_word' id='word_1_82' title='bbox 790 904 1001 945; x_wconf 75' lang='lat' dir='ltr'>superfuisse,</span> <span class='ocrx_word' id='word_1_83' title='bbox 1033 904 1196 945; x_wconf 88' lang='lat' dir='ltr'>aliquanto</span> <span class='ocrx_word' id='word_1_84' title='bbox 1222 905 1338 935; x_wconf 81' lang='lat' dir='ltr'>eertior</span> <span class='ocrx_word' id='word_1_85' title='bbox 1362 909 1393 935; x_wconf 88' lang='lat' dir='ltr'>et</span> <span class='ocrx_word' id='word_1_86' title='bbox 1417 905 1540 946; x_wconf 88' lang='lat' dir='ltr'>plenior</span> <span class='ocrx_word' id='word_1_87' title='bbox 1565 915 1669 935; x_wconf 87' lang='lat' dir='ltr'>rerum</span> <span class='ocrx_word' id='word_1_88' title='bbox 1694 905 1778 934; x_wconf 78' lang='lat' dir='ltr'>ocei-</span> 
     </span>
     <span class='ocr_line' id='line_1_8' title="bbox 127 954 1780 997; baseline 0.001 -12"><span class='ocrx_word' id='word_1_89' title='bbox 127 954 301 985; x_wconf 86' lang='lat' dir='ltr'>dentalium</span> <span class='ocrx_word' id='word_1_90' title='bbox 335 955 444 985; x_wconf 91' lang='lat' dir='ltr'>notitia</span> <span class='ocrx_word' id='word_1_91' title='bbox 476 955 566 985; x_wconf 83' lang='lat' dir='ltr'>nohis</span> <span class='ocrx_word' id='word_1_92' title='bbox 597 961 795 997; x_wconf 69' lang='lat' dir='ltr'>suppeteret.</span> <span class='ocrx_word' id='word_1_93' title='bbox 849 956 910 986; x_wconf 89' lang='lat' dir='ltr'>iam</span> <span class='ocrx_word' id='word_1_94' title='bbox 943 966 1013 986; x_wconf 87' lang='lat' dir='ltr'>eum</span> <span class='ocrx_word' id='word_1_95' title='bbox 1037 955 1128 986; x_wconf 79' lang='lat' dir='ltr'>nohis</span> <span class='ocrx_word' id='word_1_96' title='bbox 1153 956 1306 997; x_wconf 75' lang='lat' dir='ltr'>reliquiae</span> <span class='ocrx_word' id='word_1_97' title='bbox 1331 956 1490 997; x_wconf 85' lang='lat' dir='ltr'>legendae</span> <span class='ocrx_word' id='word_1_98' title='bbox 1524 957 1585 987; x_wconf 83' lang='lat' dir='ltr'>sint.</span> <span class='ocrx_word' id='word_1_99' title='bbox 1609 955 1780 997; x_wconf 77' lang='lat' dir='ltr'>diligenter</span> 
     </span>
     <span class='ocr_line' id='line_1_9' title="bbox 127 1006 1778 1048; baseline 0.001 -13"><span class='ocrx_word' id='word_1_100' title='bbox 127 1011 159 1036; x_wconf 85' lang='lat' dir='ltr'>et</span> <span class='ocrx_word' id='word_1_101' title='bbox 183 1007 343 1047; x_wconf 76' lang='lat' dir='ltr'>religiose,</span> <span class='ocrx_word' id='word_1_102' title='bbox 369 1006 517 1048; x_wconf 75' lang='lat' dir='ltr'>equidem</span> <span class='ocrx_word' id='word_1_103' title='bbox 543 1006 674 1037; x_wconf 78' lang='lat' dir='ltr'>editoris</span> <span class='ocrx_word' id='word_1_104' title='bbox 698 1017 811 1037; x_wconf 85' lang='lat' dir='ltr'>munus</span> <span class='ocrx_word' id='word_1_105' title='bbox 838 1018 914 1037; x_wconf 82' lang='lat' dir='ltr'>sane</span> <span class='ocrx_word' id='word_1_106' title='bbox 940 1007 1158 1038; x_wconf 82' lang='lat' dir='ltr'>difficillimum</span> <span class='ocrx_word' id='word_1_107' title='bbox 1177 1008 1218 1037; x_wconf 85' lang='lat' dir='ltr'>ita</span> <span class='ocrx_word' id='word_1_108' title='bbox 1236 1007 1421 1039; x_wconf 85' lang='lat' dir='ltr'>moderatus</span> <span class='ocrx_word' id='word_1_109' title='bbox 1439 1018 1518 1040; x_wconf 80' lang='lat' dir='ltr'>sum.</span> <span class='ocrx_word' id='word_1_110' title='bbox 1544 1012 1576 1038; x_wconf 91' lang='lat' dir='ltr'>ut</span> <span class='ocrx_word' id='word_1_111' title='bbox 1594 1007 1673 1038; x_wconf 85' lang='lat' dir='ltr'>haee</span> <span class='ocrx_word' id='word_1_112' title='bbox 1691 1018 1778 1037; x_wconf 86' lang='lat' dir='ltr'>eom-</span> 
     </span>
     <span class='ocr_line' id='line_1_10' title="bbox 128 1058 1780 1101; baseline 0 -13"><span class='ocrx_word' id='word_1_113' title='bbox 128 1059 281 1088; x_wconf 86' lang='lat' dir='ltr'>mentatio</span> <span class='ocrx_word' id='word_1_114' title='bbox 311 1058 530 1088; x_wconf 81' lang='lat' dir='ltr'>chronieorum</span> <span class='ocrx_word' id='word_1_115' title='bbox 561 1058 742 1089; x_wconf 73' lang='lat' dir='ltr'>Italicorum</span> <span class='ocrx_word' id='word_1_116' title='bbox 771 1059 943 1100; x_wconf 71' lang='lat' dir='ltr'>partieulas</span> <span class='ocrx_word' id='word_1_117' title='bbox 976 1059 1173 1100; x_wconf 74' lang='lat' dir='ltr'>epitomasve</span> <span class='ocrx_word' id='word_1_118' title='bbox 1202 1063 1326 1100; x_wconf 83' lang='lat' dir='ltr'>septem</span> <span class='ocrx_word' id='word_1_119' title='bbox 1357 1069 1488 1090; x_wconf 86' lang='lat' dir='ltr'>numero</span> <span class='ocrx_word' id='word_1_120' title='bbox 1516 1064 1673 1101; x_wconf 80' lang='lat' dir='ltr'>proponat</span> <span class='ocrx_word' id='word_1_121' title='bbox 1705 1069 1780 1089; x_wconf 84' lang='lat' dir='ltr'>eon-</span> 
     </span>
     <span class='ocr_line' id='line_1_11' title="bbox 129 1110 1780 1153; baseline 0 -13"><span class='ocrx_word' id='word_1_122' title='bbox 129 1110 264 1142; x_wconf 79' lang='lat' dir='ltr'>iunetas,</span> <span class='ocrx_word' id='word_1_123' title='bbox 297 1120 399 1151; x_wconf 86' lang='lat' dir='ltr'>neque</span> <span class='ocrx_word' id='word_1_124' title='bbox 431 1114 538 1140; x_wconf 87' lang='lat' dir='ltr'>tamen</span> <span class='ocrx_word' id='word_1_125' title='bbox 571 1110 764 1151; x_wconf 82' lang='lat' dir='ltr'>permixtas,</span> <span class='ocrx_word' id='word_1_126' title='bbox 797 1110 853 1141; x_wconf 88' lang='lat' dir='ltr'>sed</span> <span class='ocrx_word' id='word_1_127' title='bbox 884 1111 971 1141; x_wconf 83' lang='lat' dir='ltr'>iuxta</span> <span class='ocrx_word' id='word_1_128' title='bbox 1003 1111 1137 1152; x_wconf 75' lang='lat' dir='ltr'>positas,</span> <span class='ocrx_word' id='word_1_129' title='bbox 1170 1114 1204 1141; x_wconf 94' lang='lat' dir='ltr'>ut</span> <span class='ocrx_word' id='word_1_130' title='bbox 1237 1111 1312 1152; x_wconf 87' lang='lat' dir='ltr'>quid</span> <span class='ocrx_word' id='word_1_131' title='bbox 1343 1111 1474 1153; x_wconf 82' lang='lat' dir='ltr'>quaevis</span> <span class='ocrx_word' id='word_1_132' title='bbox 1500 1111 1618 1141; x_wconf 84' lang='lat' dir='ltr'>habeat</span> <span class='ocrx_word' id='word_1_133' title='bbox 1642 1111 1693 1141; x_wconf 76' lang='lat' dir='ltr'>vel</span> <span class='ocrx_word' id='word_1_134' title='bbox 1718 1120 1780 1140; x_wconf 89' lang='lat' dir='ltr'>non</span> 
     </span>
     <span class='ocr_line' id='line_1_12' title="bbox 127 1163 985 1205; baseline 0 -11"><span class='ocrx_word' id='word_1_135' title='bbox 127 1163 256 1197; x_wconf 78' lang='lat' dir='ltr'>habeat.</span> <span class='ocrx_word' id='word_1_136' title='bbox 282 1164 375 1194; x_wconf 84' lang='lat' dir='ltr'>faeile</span> <span class='ocrx_word' id='word_1_137' title='bbox 400 1163 634 1205; x_wconf 74' lang='lat' dir='ltr'>deprehendas.</span> <span class='ocrx_word' id='word_1_138' title='bbox 681 1168 753 1194; x_wconf 81' lang='lat' dir='ltr'>suut</span> <span class='ocrx_word' id='word_1_139' title='bbox 777 1168 884 1194; x_wconf 85' lang='lat' dir='ltr'>autem</span> <span class='ocrx_word' id='word_1_140' title='bbox 910 1164 985 1194; x_wconf 88' lang='lat' dir='ltr'>hae:</span> 
     </span>
    </p>
   </div>
   <div class='ocr_carea' id='block_1_2' title="bbox 238 1231 1783 2229">
    <p class='ocr_par' dir='ltr' id='par_1_2' title="bbox 284 1231 1782 1429">
     <span class='ocr_line' id='line_1_13' title="bbox 284 1231 1779 1274; baseline -0.001 -11"><span class='ocrx_word' id='word_1_141' title='bbox 284 1232 306 1263; x_wconf 91' lang='lat' dir='ltr'>l.</span> <span class='ocrx_word' id='word_1_142' title='bbox 331 1233 479 1263; x_wconf 72' lang='lat' dir='ltr'>chronica</span> <span class='ocrx_word' id='word_1_143' title='bbox 504 1232 759 1263; x_wconf 75' lang='lat' dir='ltr'>&#39;l&#39;heoderieiaua</span> <span class='ocrx_word' id='word_1_144' title='bbox 791 1243 872 1274; x_wconf 88' lang='lat' dir='ltr'>quae</span> <span class='ocrx_word' id='word_1_145' title='bbox 902 1233 1013 1264; x_wconf 86' lang='lat' dir='ltr'>finiunt</span> <span class='ocrx_word' id='word_1_146' title='bbox 1037 1233 1067 1264; x_wconf 88' lang='lat' dir='ltr'>in</span> <span class='ocrx_word' id='word_1_147' title='bbox 1093 1233 1176 1274; x_wconf 81' lang='lat' dir='ltr'>regis</span> <span class='ocrx_word' id='word_1_148' title='bbox 1201 1233 1289 1263; x_wconf 85' lang='lat' dir='ltr'>obitu</span> <span class='ocrx_word' id='word_1_149' title='bbox 1313 1242 1341 1263; x_wconf 89' lang='lat' dir='ltr'>a.</span> <span class='ocrx_word' id='word_1_150' title='bbox 1360 1234 1436 1271; x_wconf 76' lang='lat'>526,</span> <span class='ocrx_word' id='word_1_151' title='bbox 1468 1235 1543 1262; x_wconf 87' lang='lat' dir='ltr'>nota</span> <span class='ocrx_word' id='word_1_152' title='bbox 1567 1231 1625 1262; x_wconf 82' lang='lat' dir='ltr'>sub</span> <span class='ocrx_word' id='word_1_153' title='bbox 1651 1231 1779 1261; x_wconf 86' lang='lat' dir='ltr'>nomine</span> 
     </span>
     <span class='ocr_line' id='line_1_14' title="bbox 332 1283 1780 1326; baseline -0.001 -12"><span class='ocrx_word' id='word_1_154' title='bbox 332 1284 493 1325; x_wconf 70' lang='lat' dir='ltr'>Anonymi</span> <span class='ocrx_word' id='word_1_155' title='bbox 517 1283 696 1318; x_wconf 70' lang='lat' dir='ltr'>Valesiani,</span> <span class='ocrx_word' id='word_1_156' title='bbox 727 1285 824 1325; x_wconf 82' lang='lat' dir='ltr'>partis</span> <span class='ocrx_word' id='word_1_157' title='bbox 854 1284 975 1315; x_wconf 85' lang='lat' dir='ltr'>scilieet</span> <span class='ocrx_word' id='word_1_158' title='bbox 1005 1285 1072 1315; x_wconf 86' lang='lat' dir='ltr'>eius</span> <span class='ocrx_word' id='word_1_159' title='bbox 1102 1285 1302 1326; x_wconf 76' lang='lat' dir='ltr'>posterioris,</span> <span class='ocrx_word' id='word_1_160' title='bbox 1334 1283 1507 1326; x_wconf 79' lang='lat' dir='ltr'>pendentia</span> <span class='ocrx_word' id='word_1_161' title='bbox 1538 1287 1624 1314; x_wconf 85' lang='lat' dir='ltr'>certe</span> <span class='ocrx_word' id='word_1_162' title='bbox 1660 1283 1780 1313; x_wconf 86' lang='lat' dir='ltr'>maiore</span> 
     </span>
     <span class='ocr_line' id='line_1_15' title="bbox 332 1336 1782 1378; baseline -0.001 -12"><span class='ocrx_word' id='word_1_163' title='bbox 332 1346 372 1366; x_wconf 82' lang='lat' dir='ltr'>ex</span> <span class='ocrx_word' id='word_1_164' title='bbox 397 1341 488 1377; x_wconf 89' lang='lat' dir='ltr'>parte</span> <span class='ocrx_word' id='word_1_165' title='bbox 514 1346 554 1366; x_wconf 84' lang='lat' dir='ltr'>ex</span> <span class='ocrx_word' id='word_1_166' title='bbox 579 1336 797 1367; x_wconf 77' lang='lat' dir='ltr'>eonsularibus</span> <span class='ocrx_word' id='word_1_167' title='bbox 823 1336 952 1370; x_wconf 70' lang='lat' dir='ltr'>Italicis.</span> <span class='ocrx_word' id='word_1_168' title='bbox 976 1336 1035 1367; x_wconf 85' lang='lat' dir='ltr'>nisi</span> <span class='ocrx_word' id='word_1_169' title='bbox 1061 1337 1142 1367; x_wconf 82' lang='lat' dir='ltr'>forte</span> <span class='ocrx_word' id='word_1_170' title='bbox 1168 1341 1291 1378; x_wconf 85' lang='lat' dir='ltr'>partem</span> <span class='ocrx_word' id='word_1_171' title='bbox 1318 1346 1426 1366; x_wconf 85' lang='lat' dir='ltr'>eorum</span> <span class='ocrx_word' id='word_1_172' title='bbox 1453 1339 1694 1377; x_wconf 77' lang='lat' dir='ltr'>repraesentant</span> <span class='ocrx_word' id='word_1_173' title='bbox 1719 1345 1782 1365; x_wconf 89' lang='lat' dir='ltr'>non</span> 
     </span>
     <span class='ocr_line' id='line_1_16' title="bbox 334 1388 552 1429; baseline 0 -11"><span class='ocrx_word' id='word_1_174' title='bbox 334 1388 552 1429; x_wconf 82' lang='lat' dir='ltr'>epitoinatam.</span> 
     </span>
    </p>

    <p class='ocr_par' dir='ltr' id='par_1_3' title="bbox 265 1442 1781 1578">
     <span class='ocr_line' id='line_1_17' title="bbox 265 1442 1780 1485; baseline -0.001 -12"><span class='ocrx_word' id='word_1_175' title='bbox 265 1442 304 1473; x_wconf 92' lang='lat' dir='ltr'>ll.</span> <span class='ocrx_word' id='word_1_176' title='bbox 330 1443 401 1473; x_wconf 81' lang='lat' dir='ltr'>fasti</span> <span class='ocrx_word' id='word_1_177' title='bbox 426 1443 693 1474; x_wconf 66' lang='lat' dir='ltr'>Yindobonenses</span> <span class='ocrx_word' id='word_1_178' title='bbox 726 1443 848 1484; x_wconf 86' lang='lat' dir='ltr'>priores</span> <span class='ocrx_word' id='word_1_179' title='bbox 877 1443 930 1484; x_wconf 87' lang='lat' dir='ltr'>qui</span> <span class='ocrx_word' id='word_1_180' title='bbox 959 1443 1050 1474; x_wconf 82' lang='lat' dir='ltr'>nohis</span> <span class='ocrx_word' id='word_1_181' title='bbox 1080 1444 1299 1485; x_wconf 75' lang='lat' dir='ltr'>appellantur,</span> <span class='ocrx_word' id='word_1_182' title='bbox 1332 1443 1510 1485; x_wconf 84' lang='lat' dir='ltr'>adsumptis</span> <span class='ocrx_word' id='word_1_183' title='bbox 1542 1453 1624 1484; x_wconf 88' lang='lat' dir='ltr'>quae</span> <span class='ocrx_word' id='word_1_184' title='bbox 1656 1446 1780 1484; x_wconf 86' lang='lat' dir='ltr'>partem</span> 
     </span>
     <span class='ocr_line' id='line_1_18' title="bbox 332 1494 1781 1538; baseline -0.001 -13"><span class='ocrx_word' id='word_1_185' title='bbox 332 1494 474 1525; x_wconf 80' lang='lat' dir='ltr'>eiusdem</span> <span class='ocrx_word' id='word_1_186' title='bbox 513 1495 672 1536; x_wconf 80' lang='lat' dir='ltr'>epitomae</span> <span class='ocrx_word' id='word_1_187' title='bbox 710 1495 871 1536; x_wconf 88' lang='lat' dir='ltr'>quondam</span> <span class='ocrx_word' id='word_1_188' title='bbox 905 1495 1082 1526; x_wconf 78' lang='lat' dir='ltr'>effecerunt</span> <span class='ocrx_word' id='word_1_189' title='bbox 1117 1497 1278 1538; x_wconf 76' lang='lat' dir='ltr'>excerptis</span> <span class='ocrx_word' id='word_1_190' title='bbox 1303 1495 1576 1537; x_wconf 80' lang='lat' dir='ltr'>Sangallensibus.</span> <span class='ocrx_word' id='word_1_191' title='bbox 1623 1495 1688 1525; x_wconf 82' lang='lat' dir='ltr'>tinit</span> <span class='ocrx_word' id='word_1_192' title='bbox 1714 1495 1781 1536; x_wconf 84' lang='lat' dir='ltr'>epi—</span> 
     </span>
     <span class='ocr_line' id='line_1_19' title="bbox 332 1547 853 1578; baseline 0 -1"><span class='ocrx_word' id='word_1_193' title='bbox 332 1551 417 1577; x_wconf 86' lang='lat' dir='ltr'>tome</span> <span class='ocrx_word' id='word_1_194' title='bbox 442 1547 522 1578; x_wconf 77' lang='lat' dir='ltr'>haee</span> <span class='ocrx_word' id='word_1_195' title='bbox 546 1547 655 1578; x_wconf 89' lang='lat' dir='ltr'>mutila</span> <span class='ocrx_word' id='word_1_196' title='bbox 681 1547 710 1577; x_wconf 92' lang='lat' dir='ltr'>in</span> <span class='ocrx_word' id='word_1_197' title='bbox 735 1558 762 1577; x_wconf 90' lang='lat' dir='ltr'>a.</span> <span class='ocrx_word' id='word_1_198' title='bbox 783 1549 853 1578; x_wconf 79' lang='lat'>573.</span> 
     </span>
    </p>

    <p class='ocr_par' dir='ltr' id='par_1_4' title="bbox 251 1602 1783 1696">
     <span class='ocr_line' id='line_1_20' title="bbox 251 1602 1783 1646; baseline 0 -14"><span class='ocrx_word' id='word_1_199' title='bbox 251 1602 308 1633; x_wconf 87' lang='grc' dir='ltr'>ΙΙΙ.</span> <span class='ocrx_word' id='word_1_200' title='bbox 334 1603 404 1633; x_wconf 78' lang='lat' dir='ltr'>fasti</span> <span class='ocrx_word' id='word_1_201' title='bbox 431 1602 698 1634; x_wconf 65' lang='lat' dir='ltr'>vindobonenses</span> <span class='ocrx_word' id='word_1_202' title='bbox 722 1604 932 1644; x_wconf 82' lang='lat' dir='ltr'>posteriores,</span> <span class='ocrx_word' id='word_1_203' title='bbox 965 1614 1046 1645; x_wconf 85' lang='lat' dir='ltr'>quae.</span> <span class='ocrx_word' id='word_1_204' title='bbox 1078 1605 1217 1646; x_wconf 79' lang='lat' dir='ltr'>epitome</span> <span class='ocrx_word' id='word_1_205' title='bbox 1247 1603 1454 1645; x_wconf 85' lang='lat' dir='ltr'>praeeedenti</span> <span class='ocrx_word' id='word_1_206' title='bbox 1488 1603 1517 1633; x_wconf 94' lang='lat' dir='ltr'>in</span> <span class='ocrx_word' id='word_1_207' title='bbox 1542 1602 1649 1633; x_wconf 89' lang='lat' dir='ltr'>multis</span> <span class='ocrx_word' id='word_1_208' title='bbox 1673 1602 1783 1632; x_wconf 81' lang='lat' dir='ltr'>similis</span> 
     </span>
     <span class='ocr_line' id='line_1_21' title="bbox 332 1654 1563 1696; baseline -0.001 -11"><span class='ocrx_word' id='word_1_209' title='bbox 332 1655 478 1696; x_wconf 77' lang='lat' dir='ltr'>pervenit</span> <span class='ocrx_word' id='word_1_210' title='bbox 503 1654 543 1685; x_wconf 83' lang='lat' dir='ltr'>ad</span> <span class='ocrx_word' id='word_1_211' title='bbox 567 1665 594 1685; x_wconf 87' lang='lat' dir='ltr'>a.</span> <span class='ocrx_word' id='word_1_212' title='bbox 614 1657 674 1685; x_wconf 62' lang='lat'>357</span> <span class='ocrx_word' id='word_1_213' title='bbox 700 1655 857 1685; x_wconf 75' lang='lat' dir='ltr'>adiunctis</span> <span class='ocrx_word' id='word_1_214' title='bbox 882 1656 1003 1686; x_wconf 72' lang='lat' dir='ltr'>laciniis</span> <span class='ocrx_word' id='word_1_215' title='bbox 1028 1655 1152 1686; x_wconf 78' lang='lat' dir='ltr'>duabus</span> <span class='ocrx_word' id='word_1_216' title='bbox 1177 1657 1358 1687; x_wconf 65' lang='lat'>-238—455.</span> <span class='ocrx_word' id='word_1_217' title='bbox 1384 1656 1563 1685; x_wconf 62' lang='lat' dir='ltr'>los—5:35³.</span> 
     </span>
    </p>

    <p class='ocr_par' dir='ltr' id='par_1_5' title="bbox 256 1710 1591 1752">
     <span class='ocr_line' id='line_1_22' title="bbox 256 1710 1591 1752; baseline -0.001 -11"><span class='ocrx_word' id='word_1_218' title='bbox 256 1710 310 1741; x_wconf 68' lang='lat' dir='ltr'>lv.</span> <span class='ocrx_word' id='word_1_219' title='bbox 335 1711 486 1752; x_wconf 71' lang='lat' dir='ltr'>paschale.</span> <span class='ocrx_word' id='word_1_220' title='bbox 511 1710 710 1752; x_wconf 76' lang='lat' dir='ltr'>Campanum</span> <span class='ocrx_word' id='word_1_221' title='bbox 736 1722 763 1741; x_wconf 89' lang='lat' dir='ltr'>a.</span> <span class='ocrx_word' id='word_1_222' title='bbox 782 1714 951 1742; x_wconf 30' lang='lat' dir='ltr'>ima-543</span> <span class='ocrx_word' id='word_1_223' title='bbox 977 1711 1094 1742; x_wconf 84' lang='lat' dir='ltr'>eodieis</span> <span class='ocrx_word' id='word_1_224' title='bbox 1118 1711 1268 1743; x_wconf 69' lang='lat' dir='ltr'>Vaticani</span> <span class='ocrx_word' id='word_1_225' title='bbox 1292 1711 1425 1752; x_wconf 82' lang='lat' dir='ltr'>reginae</span> <span class='ocrx_word' id='word_1_226' title='bbox 1449 1721 1478 1741; x_wconf 92' lang='lat' dir='ltr'>n.</span> <span class='ocrx_word' id='word_1_227' title='bbox 1498 1712 1591 1741; x_wconf 73' lang='lat'>2077.</span> 
     </span>
    </p>

    <p class='ocr_par' dir='ltr' id='par_1_6' title="bbox 272 1766 1781 1952">
     <span class='ocr_line' id='line_1_23' title="bbox 272 1766 1780 1809; baseline -0.001 -12"><span class='ocrx_word' id='word_1_228' title='bbox 272 1766 311 1797; x_wconf 67' lang='grc' dir='ltr'>Υ.</span> <span class='ocrx_word' id='word_1_229' title='bbox 336 1766 555 1797; x_wconf 85' lang='lat' dir='ltr'>additamenta</span> <span class='ocrx_word' id='word_1_230' title='bbox 581 1766 730 1809; x_wconf 84' lang='lat' dir='ltr'>Prosperi</span> <span class='ocrx_word' id='word_1_231' title='bbox 763 1767 918 1798; x_wconf 74' lang='lat' dir='ltr'>chronicis</span> <span class='ocrx_word' id='word_1_232' title='bbox 947 1769 1062 1798; x_wconf 78' lang='lat' dir='ltr'>inserta</span> <span class='ocrx_word' id='word_1_233' title='bbox 1094 1772 1125 1798; x_wconf 85' lang='lat' dir='ltr'>et</span> <span class='ocrx_word' id='word_1_234' title='bbox 1150 1768 1323 1798; x_wconf 83' lang='lat' dir='ltr'>auctarium</span> <span class='ocrx_word' id='word_1_235' title='bbox 1357 1766 1397 1797; x_wconf 90' lang='lat' dir='ltr'>ad</span> <span class='ocrx_word' id='word_1_236' title='bbox 1423 1777 1461 1797; x_wconf 81' lang='lat' dir='ltr'>ea</span> <span class='ocrx_word' id='word_1_237' title='bbox 1486 1766 1646 1797; x_wconf 80' lang='lat' dir='ltr'>adiectum</span> <span class='ocrx_word' id='word_1_238' title='bbox 1674 1766 1703 1796; x_wconf 94' lang='lat' dir='ltr'>in</span> <span class='ocrx_word' id='word_1_239' title='bbox 1728 1776 1780 1795; x_wconf 91' lang='lat' dir='ltr'>eo-</span> 
     </span>
     <span class='ocr_line' id='line_1_24' title="bbox 335 1817 1781 1861; baseline -0.001 -13"><span class='ocrx_word' id='word_1_240' title='bbox 335 1818 404 1848; x_wconf 87' lang='lat' dir='ltr'>diee</span> <span class='ocrx_word' id='word_1_241' title='bbox 431 1817 604 1849; x_wconf 69' lang='lat' dir='ltr'>llavniensi</span> <span class='ocrx_word' id='word_1_242' title='bbox 629 1829 658 1849; x_wconf 90' lang='lat' dir='ltr'>n.</span> <span class='ocrx_word' id='word_1_243' title='bbox 674 1821 733 1849; x_wconf 64' lang='lat'>454</span> <span class='ocrx_word' id='word_1_244' title='bbox 760 1820 880 1850; x_wconf 84' lang='lat' dir='ltr'>maiore</span> <span class='ocrx_word' id='word_1_245' title='bbox 906 1830 947 1850; x_wconf 81' lang='lat' dir='ltr'>ex</span> <span class='ocrx_word' id='word_1_246' title='bbox 971 1824 1063 1861; x_wconf 85' lang='lat' dir='ltr'>parte</span> <span class='ocrx_word' id='word_1_247' title='bbox 1089 1819 1231 1850; x_wconf 85' lang='lat' dir='ltr'>derivata</span> <span class='ocrx_word' id='word_1_248' title='bbox 1257 1830 1297 1849; x_wconf 84' lang='lat' dir='ltr'>ex</span> <span class='ocrx_word' id='word_1_249' title='bbox 1323 1818 1478 1849; x_wconf 70' lang='lat' dir='ltr'>chronicis</span> <span class='ocrx_word' id='word_1_250' title='bbox 1498 1818 1614 1848; x_wconf 79' lang='lat' dir='ltr'>Italicis</span> <span class='ocrx_word' id='word_1_251' title='bbox 1639 1817 1781 1858; x_wconf 81' lang='lat' dir='ltr'>epitome</span> 
     </span>
     <span class='ocr_line' id='line_1_25' title="bbox 336 1869 1781 1913; baseline 0 -14"><span class='ocrx_word' id='word_1_252' title='bbox 336 1870 419 1900; x_wconf 83' lang='lat' dir='ltr'>faeta</span> <span class='ocrx_word' id='word_1_253' title='bbox 445 1870 632 1911; x_wconf 81' lang='lat' dir='ltr'>plerumque</span> <span class='ocrx_word' id='word_1_254' title='bbox 658 1870 803 1911; x_wconf 72' lang='lat' dir='ltr'>simplici,</span> <span class='ocrx_word' id='word_1_255' title='bbox 828 1871 988 1902; x_wconf 88' lang='lat' dir='ltr'>interdum</span> <span class='ocrx_word' id='word_1_256' title='bbox 1015 1871 1173 1913; x_wconf 81' lang='lat' dir='ltr'>duplicata</span> <span class='ocrx_word' id='word_1_257' title='bbox 1200 1871 1248 1901; x_wconf 72' lang='lat' dir='ltr'>vel</span> <span class='ocrx_word' id='word_1_258' title='bbox 1274 1870 1356 1901; x_wconf 89' lang='lat' dir='ltr'>adeo</span> <span class='ocrx_word' id='word_1_259' title='bbox 1383 1870 1551 1911; x_wconf 79' lang='lat' dir='ltr'>triplicata.</span> <span class='ocrx_word' id='word_1_260' title='bbox 1592 1869 1781 1910; x_wconf 82' lang='lat' dir='ltr'>perveniunt</span> 
     </span>
     <span class='ocr_line' id='line_1_26' title="bbox 335 1921 514 1952; baseline 0.006 -1"><span class='ocrx_word' id='word_1_261' title='bbox 335 1921 375 1951; x_wconf 87' lang='lat' dir='ltr'>ad</span> <span class='ocrx_word' id='word_1_262' title='bbox 401 1923 514 1952; x_wconf 70' lang='lat' dir='ltr'>a.o2.&#39;›.</span> 
     </span>
    </p>

    <p class='ocr_par' dir='ltr' id='par_1_7' title="bbox 257 1977 1781 2111">
     <span class='ocr_line' id='line_1_27' title="bbox 257 1977 1781 2020; baseline 0 -13"><span class='ocrx_word' id='word_1_263' title='bbox 257 1977 312 2008; x_wconf 63' lang='lat' dir='ltr'>VI.</span> <span class='ocrx_word' id='word_1_264' title='bbox 339 1977 478 2018; x_wconf 84' lang='lat' dir='ltr'>epitome</span> <span class='ocrx_word' id='word_1_265' title='bbox 504 1977 619 2008; x_wconf 78' lang='lat' dir='ltr'>inserta</span> <span class='ocrx_word' id='word_1_266' title='bbox 643 1978 799 2009; x_wconf 83' lang='lat' dir='ltr'>ehronieis</span> <span class='ocrx_word' id='word_1_267' title='bbox 816 1979 1043 2010; x_wconf 74' lang='lat' dir='ltr'>Alexandrinis</span> <span class='ocrx_word' id='word_1_268' title='bbox 1061 1979 1185 2009; x_wconf 78' lang='lat' dir='ltr'>Graece</span> <span class='ocrx_word' id='word_1_269' title='bbox 1203 1979 1337 2020; x_wconf 71' lang='lat' dir='ltr'>scriptis,</span> <span class='ocrx_word' id='word_1_270' title='bbox 1363 1988 1496 2019; x_wconf 89' lang='lat' dir='ltr'>quorum</span> <span class='ocrx_word' id='word_1_271' title='bbox 1514 1983 1659 2018; x_wconf 73' lang='lat' dir='ltr'>superest</span> <span class='ocrx_word' id='word_1_272' title='bbox 1678 1977 1781 2007; x_wconf 78' lang='lat' dir='ltr'>versio</span> 
     </span>
     <span class='ocr_line' id='line_1_28' title="bbox 337 2028 1780 2071; baseline 0 -13"><span class='ocrx_word' id='word_1_273' title='bbox 337 2028 449 2058; x_wconf 88' lang='lat' dir='ltr'>Latina</span> <span class='ocrx_word' id='word_1_274' title='bbox 485 2028 634 2070; x_wconf 86' lang='lat' dir='ltr'>adlegata</span> <span class='ocrx_word' id='word_1_275' title='bbox 666 2030 854 2071; x_wconf 86' lang='lat' dir='ltr'>plerumque</span> <span class='ocrx_word' id='word_1_276' title='bbox 890 2031 947 2061; x_wconf 87' lang='lat' dir='ltr'>sub</span> <span class='ocrx_word' id='word_1_277' title='bbox 977 2031 1104 2061; x_wconf 82' lang='lat' dir='ltr'>nomine</span> <span class='ocrx_word' id='word_1_278' title='bbox 1136 2030 1267 2061; x_wconf 84' lang='lat' dir='ltr'>Barbari</span> <span class='ocrx_word' id='word_1_279' title='bbox 1297 2030 1461 2071; x_wconf 74' lang='lat' dir='ltr'>Sealigeri.</span> <span class='ocrx_word' id='word_1_280' title='bbox 1509 2029 1579 2059; x_wconf 84' lang='lat' dir='ltr'>fasti</span> <span class='ocrx_word' id='word_1_281' title='bbox 1609 2028 1720 2058; x_wconf 75' lang='lat' dir='ltr'>finiunt</span> <span class='ocrx_word' id='word_1_282' title='bbox 1750 2029 1780 2058; x_wconf 88' lang='lat' dir='ltr'>in</span> 
     </span>
     <span class='ocr_line' id='line_1_29' title="bbox 335 2082 452 2111; baseline 0.009 -1"><span class='ocrx_word' id='word_1_283' title='bbox 335 2091 363 2110; x_wconf 83' lang='lat' dir='ltr'>a.</span> <span class='ocrx_word' id='word_1_284' title='bbox 381 2082 452 2111; x_wconf 53' lang='lat'>387.</span> 
     </span>
    </p>

    <p class='ocr_par' dir='ltr' id='par_1_8' title="bbox 238 2134 1777 2229">
     <span class='ocr_line' id='line_1_30' title="bbox 238 2134 1777 2178; baseline -0.001 -13"><span class='ocrx_word' id='word_1_285' title='bbox 238 2134 310 2166; x_wconf 66' lang='lat' dir='ltr'>Vll.</span> <span class='ocrx_word' id='word_1_286' title='bbox 336 2140 488 2177; x_wconf 79' lang='lat' dir='ltr'>excerpta</span> <span class='ocrx_word' id='word_1_287' title='bbox 513 2141 637 2167; x_wconf 78' lang='lat' dir='ltr'>servata</span> <span class='ocrx_word' id='word_1_288' title='bbox 663 2137 748 2178; x_wconf 83' lang='lat' dir='ltr'>apud</span> <span class='ocrx_word' id='word_1_289' title='bbox 765 2136 938 2177; x_wconf 79' lang='lat' dir='ltr'>Agnellum</span> <span class='ocrx_word' id='word_1_290' title='bbox 963 2138 992 2167; x_wconf 90' lang='lat' dir='ltr'>in</span> <span class='ocrx_word' id='word_1_291' title='bbox 1013 2137 1093 2167; x_wconf 87' lang='lat' dir='ltr'>lihro</span> <span class='ocrx_word' id='word_1_292' title='bbox 1112 2138 1284 2178; x_wconf 79' lang='lat' dir='ltr'>pontiticali</span> <span class='ocrx_word' id='word_1_293' title='bbox 1302 2137 1458 2167; x_wconf 68' lang='lat' dir='ltr'>eeclesiae</span> <span class='ocrx_word' id='word_1_294' title='bbox 1476 2135 1672 2167; x_wconf 75' lang='lat' dir='ltr'>Ravennatis</span> <span class='ocrx_word' id='word_1_295' title='bbox 1691 2134 1777 2165; x_wconf 86' lang='lat' dir='ltr'>edito</span> 
     </span>
     <span class='ocr_line' id='line_1_31' title="bbox 336 2187 1070 2229; baseline 0.005 -14"><span class='ocrx_word' id='word_1_296' title='bbox 336 2197 419 2217; x_wconf 82' lang='lat' dir='ltr'>saee.</span> <span class='ocrx_word' id='word_1_297' title='bbox 440 2187 485 2217; x_wconf 77' lang='lat' dir='ltr'>lx</span> <span class='ocrx_word' id='word_1_298' title='bbox 510 2187 626 2219; x_wconf 90' lang='lat' dir='ltr'>medio.</span> <span class='ocrx_word' id='word_1_299' title='bbox 673 2189 863 2229; x_wconf 73' lang='lat' dir='ltr'>perveniunt</span> <span class='ocrx_word' id='word_1_300' title='bbox 887 2188 927 2219; x_wconf 88' lang='lat' dir='ltr'>ad</span> <span class='ocrx_word' id='word_1_301' title='bbox 952 2199 980 2219; x_wconf 87' lang='lat' dir='ltr'>a.</span> <span class='ocrx_word' id='word_1_302' title='bbox 999 2191 1070 2219; x_wconf 68' lang='lat'><strong>[173.</strong></span> 
     </span>
    </p>
   </div>
   <div class='ocr_carea' id='block_1_3' title="bbox 128 2255 1782 2660">
    <p class='ocr_par' dir='ltr' id='par_1_9' title="bbox 128 2255 1782 2506">
     <span class='ocr_line' id='line_1_32' title="bbox 233 2255 1780 2299; baseline 0 -14"><span class='ocrx_word' id='word_1_303' title='bbox 233 2256 364 2296; x_wconf 76' lang='lat' dir='ltr'>Septem</span> <span class='ocrx_word' id='word_1_304' title='bbox 389 2255 499 2286; x_wconf 86' lang='lat' dir='ltr'>harum</span> <span class='ocrx_word' id='word_1_305' title='bbox 525 2256 735 2298; x_wconf 88' lang='lat' dir='ltr'>epitomarum</span> <span class='ocrx_word' id='word_1_306' title='bbox 761 2258 859 2299; x_wconf 89' lang='lat' dir='ltr'>prima</span> <span class='ocrx_word' id='word_1_307' title='bbox 886 2257 1026 2288; x_wconf 89' lang='lat' dir='ltr'>seeunda</span> <span class='ocrx_word' id='word_1_308' title='bbox 1051 2258 1143 2288; x_wconf 87' lang='lat' dir='ltr'>tertia</span> <span class='ocrx_word' id='word_1_309' title='bbox 1170 2258 1279 2299; x_wconf 87' lang='lat' dir='ltr'>quinta</span> <span class='ocrx_word' id='word_1_310' title='bbox 1304 2258 1351 2288; x_wconf 86' lang='lat' dir='ltr'>his</span> <span class='ocrx_word' id='word_1_311' title='bbox 1375 2257 1611 2288; x_wconf 83' lang='lat' dir='ltr'>commentariis</span> <span class='ocrx_word' id='word_1_312' title='bbox 1635 2255 1780 2286; x_wconf 87' lang='lat' dir='ltr'>eduntur.</span> 
     </span>
     <span class='ocr_line' id='line_1_33' title="bbox 132 2307 1778 2351; baseline -0.001 -14"><span class='ocrx_word' id='word_1_313' title='bbox 132 2312 265 2348; x_wconf 77' lang='lat' dir='ltr'>quartae</span> <span class='ocrx_word' id='word_1_314' title='bbox 291 2308 416 2348; x_wconf 89' lang='lat' dir='ltr'>plenam</span> <span class='ocrx_word' id='word_1_315' title='bbox 442 2307 613 2338; x_wconf 87' lang='lat' dir='ltr'>editionem</span> <span class='ocrx_word' id='word_1_316' title='bbox 639 2308 717 2339; x_wconf 76' lang='lat' dir='ltr'>infra</span> <span class='ocrx_word' id='word_1_317' title='bbox 744 2320 959 2351; x_wconf 55' lang='lat' dir='ltr'>proponemus</span> <span class='ocrx_word' id='word_1_318' title='bbox 983 2320 1053 2340; x_wconf 84' lang='lat' dir='ltr'>eum</span> <span class='ocrx_word' id='word_1_319' title='bbox 1079 2310 1218 2350; x_wconf 84' lang='lat' dir='ltr'>pasehali</span> <span class='ocrx_word' id='word_1_320' title='bbox 1238 2309 1369 2339; x_wconf 67' lang='lat' dir='ltr'>Victorii</span> <span class='ocrx_word' id='word_1_321' title='bbox 1388 2309 1550 2350; x_wconf 83' lang='lat' dir='ltr'>Aquitani.</span> <span class='ocrx_word' id='word_1_322' title='bbox 1577 2308 1664 2338; x_wconf 83' lang='lat' dir='ltr'>euius</span> <span class='ocrx_word' id='word_1_323' title='bbox 1683 2308 1778 2337; x_wconf 51' lang='lat' dir='ltr'>(lam-</span> 
     </span>
     <span class='ocr_line' id='line_1_34' title="bbox 128 2358 1782 2402; baseline 0.001 -14"><span class='ocrx_word' id='word_1_324' title='bbox 128 2368 246 2400; x_wconf 87' lang='lat' dir='ltr'>panum</span> <span class='ocrx_word' id='word_1_325' title='bbox 286 2369 360 2389; x_wconf 84' lang='lat' dir='ltr'>vere</span> <span class='ocrx_word' id='word_1_326' title='bbox 397 2359 551 2400; x_wconf 82' lang='lat' dir='ltr'>partieula</span> <span class='ocrx_word' id='word_1_327' title='bbox 588 2364 644 2390; x_wconf 78' lang='lat' dir='ltr'>est.</span> <span class='ocrx_word' id='word_1_328' title='bbox 696 2361 725 2390; x_wconf 94' lang='lat' dir='ltr'>iu</span> <span class='ocrx_word' id='word_1_329' title='bbox 755 2366 845 2391; x_wconf 81' lang='lat' dir='ltr'>sexta</span> <span class='ocrx_word' id='word_1_330' title='bbox 880 2365 909 2391; x_wconf 87' lang='lat' dir='ltr'>et</span> <span class='ocrx_word' id='word_1_331' title='bbox 942 2362 1076 2402; x_wconf 81' lang='lat' dir='ltr'>septima</span> <span class='ocrx_word' id='word_1_332' title='bbox 1109 2372 1149 2391; x_wconf 85' lang='lat' dir='ltr'>ex</span> <span class='ocrx_word' id='word_1_333' title='bbox 1179 2360 1372 2391; x_wconf 79' lang='lat' dir='ltr'>editionibus</span> <span class='ocrx_word' id='word_1_334' title='bbox 1412 2361 1501 2391; x_wconf 82' lang='lat' dir='ltr'>iustis</span> <span class='ocrx_word' id='word_1_335' title='bbox 1530 2371 1545 2390; x_wconf 87' lang='lat' dir='ltr'>a</span> <span class='ocrx_word' id='word_1_336' title='bbox 1579 2359 1651 2389; x_wconf 74' lang='lat' dir='ltr'>viris</span> <span class='ocrx_word' id='word_1_337' title='bbox 1681 2358 1782 2388; x_wconf 79' lang='lat' dir='ltr'>doctis</span> 
     </span>
     <span class='ocr_line' id='line_1_35' title="bbox 131 2411 1780 2454; baseline -0.001 -14"><span class='ocrx_word' id='word_1_338' title='bbox 131 2411 246 2440; x_wconf 83' lang='lat' dir='ltr'>euratis</span> <span class='ocrx_word' id='word_1_339' title='bbox 283 2421 339 2440; x_wconf 80' lang='lat' dir='ltr'>uos</span> <span class='ocrx_word' id='word_1_340' title='bbox 375 2422 411 2440; x_wconf 86' lang='lat' dir='ltr'>ea</span> <span class='ocrx_word' id='word_1_341' title='bbox 448 2411 634 2451; x_wconf 80' lang='lat' dir='ltr'>selegimus.</span> <span class='ocrx_word' id='word_1_342' title='bbox 672 2422 754 2452; x_wconf 89' lang='lat' dir='ltr'>quae</span> <span class='ocrx_word' id='word_1_343' title='bbox 786 2412 825 2442; x_wconf 86' lang='lat' dir='ltr'>ad</span> <span class='ocrx_word' id='word_1_344' title='bbox 860 2412 1006 2443; x_wconf 82' lang='lat' dir='ltr'>ehroniea</span> <span class='ocrx_word' id='word_1_345' title='bbox 1039 2412 1145 2443; x_wconf 85' lang='lat' dir='ltr'>ltaliea</span> <span class='ocrx_word' id='word_1_346' title='bbox 1180 2418 1372 2454; x_wconf 82' lang='lat' dir='ltr'>speetarent.</span> <span class='ocrx_word' id='word_1_347' title='bbox 1425 2411 1464 2442; x_wconf 90' lang='lat' dir='ltr'>de</span> <span class='ocrx_word' id='word_1_348' title='bbox 1489 2411 1634 2441; x_wconf 79' lang='lat' dir='ltr'>ouinibus</span> <span class='ocrx_word' id='word_1_349' title='bbox 1658 2414 1780 2451; x_wconf 77' lang='lat' dir='ltr'>septem</span> 
     </span>
     <span class='ocr_line' id='line_1_36' title="bbox 131 2461 1162 2506; baseline 0.002 -14"><span class='ocrx_word' id='word_1_350' title='bbox 131 2472 212 2503; x_wconf 88' lang='lat' dir='ltr'>quae</span> <span class='ocrx_word' id='word_1_351' title='bbox 238 2461 436 2491; x_wconf 70' lang='lat' dir='ltr'>ohservamla</span> <span class='ocrx_word' id='word_1_352' title='bbox 463 2461 639 2494; x_wconf 77' lang='lat' dir='ltr'>habuimus.</span> <span class='ocrx_word' id='word_1_353' title='bbox 664 2474 806 2494; x_wconf 83' lang='lat' dir='ltr'>seorsum</span> <span class='ocrx_word' id='word_1_354' title='bbox 831 2465 909 2494; x_wconf 79' lang='lat' dir='ltr'>infra</span> <span class='ocrx_word' id='word_1_355' title='bbox 936 2469 1162 2506; x_wconf 87' lang='lat' dir='ltr'>proponentur.</span> 
     </span>
    </p>

    <p class='ocr_par' dir='ltr' id='par_1_10' title="bbox 131 2513 1782 2660">
     <span class='ocr_line' id='line_1_37' title="bbox 234 2513 1780 2557; baseline -0.001 -14"><span class='ocrx_word' id='word_1_356' title='bbox 234 2513 370 2544; x_wconf 43' lang='lat' dir='ltr'>(sautum</span> <span class='ocrx_word' id='word_1_357' title='bbox 408 2520 514 2544; x_wconf 87' lang='lat' dir='ltr'>autem</span> <span class='ocrx_word' id='word_1_358' title='bbox 545 2514 652 2545; x_wconf 83' lang='lat' dir='ltr'>ahest.</span> <span class='ocrx_word' id='word_1_359' title='bbox 690 2520 722 2545; x_wconf 94' lang='lat' dir='ltr'>ut</span> <span class='ocrx_word' id='word_1_360' title='bbox 753 2521 877 2557; x_wconf 80' lang='lat' dir='ltr'>septem</span> <span class='ocrx_word' id='word_1_361' title='bbox 910 2517 968 2547; x_wconf 89' lang='lat' dir='ltr'>illis</span> <span class='ocrx_word' id='word_1_362' title='bbox 999 2517 1146 2557; x_wconf 88' lang='lat' dir='ltr'>epitomis</span> <span class='ocrx_word' id='word_1_363' title='bbox 1172 2516 1391 2546; x_wconf 82' lang='lat' dir='ltr'>ehronieorum</span> <span class='ocrx_word' id='word_1_364' title='bbox 1419 2516 1600 2546; x_wconf 70' lang='lat' dir='ltr'>Italicorum</span> <span class='ocrx_word' id='word_1_365' title='bbox 1627 2513 1780 2554; x_wconf 85' lang='lat' dir='ltr'>reliquiae</span> 
     </span>
     <span class='ocr_line' id='line_1_38' title="bbox 131 2565 1782 2608; baseline -0.001 -14"><span class='ocrx_word' id='word_1_366' title='bbox 131 2575 242 2595; x_wconf 82' lang='lat' dir='ltr'>omnes</span> <span class='ocrx_word' id='word_1_367' title='bbox 270 2565 505 2596; x_wconf 80' lang='lat' dir='ltr'>‹·=mtineantur.</span> <span class='ocrx_word' id='word_1_368' title='bbox 537 2570 569 2595; x_wconf 89' lang='lat' dir='ltr'>ut</span> <span class='ocrx_word' id='word_1_369' title='bbox 605 2565 748 2607; x_wconf 88' lang='lat' dir='ltr'>plerique</span> <span class='ocrx_word' id='word_1_370' title='bbox 780 2567 871 2597; x_wconf 83' lang='lat' dir='ltr'>huius</span> <span class='ocrx_word' id='word_1_371' title='bbox 901 2567 971 2597; x_wconf 77' lang='lat' dir='ltr'>aevi</span> <span class='ocrx_word' id='word_1_372' title='bbox 998 2578 1099 2598; x_wconf 83' lang='lat' dir='ltr'>rerum</span> <span class='ocrx_word' id='word_1_373' title='bbox 1130 2567 1301 2607; x_wconf 78' lang='lat' dir='ltr'>seriptures</span> <span class='ocrx_word' id='word_1_374' title='bbox 1326 2567 1396 2608; x_wconf 86' lang='lat' dir='ltr'>plus</span> <span class='ocrx_word' id='word_1_375' title='bbox 1421 2567 1522 2597; x_wconf 82' lang='lat' dir='ltr'>miuus</span> <span class='ocrx_word' id='word_1_376' title='bbox 1547 2565 1620 2596; x_wconf 86' lang='lat' dir='ltr'>iude</span> <span class='ocrx_word' id='word_1_377' title='bbox 1646 2565 1782 2595; x_wconf 77' lang='lat' dir='ltr'>traxisse</span> 
     </span>
     <span class='ocr_line' id='line_1_39' title="bbox 133 2616 1323 2660; baseline 0.003 -14"><span class='ocrx_word' id='word_1_378' title='bbox 133 2616 307 2647; x_wconf 77' lang='lat' dir='ltr'>rideantur.</span> <span class='ocrx_word' id='word_1_379' title='bbox 355 2627 486 2657; x_wconf 87' lang='lat' dir='ltr'>quorum</span> <span class='ocrx_word' id='word_1_380' title='bbox 511 2627 676 2647; x_wconf 68' lang='lat' dir='ltr'>recensum</span> <span class='ocrx_word' id='word_1_381' title='bbox 702 2617 846 2648; x_wconf 79' lang='lat' dir='ltr'>subicere</span> <span class='ocrx_word' id='word_1_382' title='bbox 871 2629 930 2648; x_wconf 89' lang='lat' dir='ltr'>non</span> <span class='ocrx_word' id='word_1_383' title='bbox 956 2628 1228 2660; x_wconf 80' lang='lat' dir='ltr'>supervaeaneum</span> <span class='ocrx_word' id='word_1_384' title='bbox 1255 2619 1323 2649; x_wconf 83' lang='lat' dir='ltr'>erit.</span> 
     </span>
    </p>
   </div>
   <div class='ocr_carea' id='block_1_4' title="bbox 219 2680 1780 2826">
    <p class='ocr_par' dir='ltr' id='par_1_11' title="bbox 219 2680 1780 2826">
     <span class='ocr_line' id='line_1_40' title="bbox 219 2680 1779 2723; baseline 0 -14"><span class='ocrx_word' id='word_1_385' title='bbox 219 2680 310 2711; x_wconf 72' lang='lat' dir='ltr'>Ylll.</span> <span class='ocrx_word' id='word_1_386' title='bbox 336 2680 538 2721; x_wconf 70' lang='lat' dir='ltr'>Prosper-um.</span> <span class='ocrx_word' id='word_1_387' title='bbox 570 2681 621 2721; x_wconf 92' lang='lat' dir='ltr'>qui</span> <span class='ocrx_word' id='word_1_388' title='bbox 646 2681 790 2712; x_wconf 88' lang='lat' dir='ltr'>ehroniea</span> <span class='ocrx_word' id='word_1_389' title='bbox 817 2681 916 2712; x_wconf 87' lang='lat' dir='ltr'>edidit</span> <span class='ocrx_word' id='word_1_390' title='bbox 940 2682 1076 2723; x_wconf 87' lang='lat' dir='ltr'>primum</span> <span class='ocrx_word' id='word_1_391' title='bbox 1101 2692 1127 2712; x_wconf 89' lang='lat' dir='ltr'>a.</span> <span class='ocrx_word' id='word_1_392' title='bbox 1146 2685 1222 2713; x_wconf 70' lang='lat'>-1-123.</span> <span class='ocrx_word' id='word_1_393' title='bbox 1247 2682 1325 2712; x_wconf 82' lang='lat' dir='ltr'>infra</span> <span class='ocrx_word' id='word_1_394' title='bbox 1352 2681 1642 2712; x_wconf 76' lang='lat' dir='ltr'>demonstrabimus</span> <span class='ocrx_word' id='word_1_395' title='bbox 1667 2690 1779 2710; x_wconf 86' lang='lat' dir='ltr'>eonsu-</span> 
     </span>
     <span class='ocr_line' id='line_1_41' title="bbox 338 2732 1777 2774; baseline -0.001 -12"><span class='ocrx_word' id='word_1_396' title='bbox 338 2732 401 2762; x_wconf 92' lang='lat' dir='ltr'>lum</span> <span class='ocrx_word' id='word_1_397' title='bbox 427 2732 613 2762; x_wconf 83' lang='lat' dir='ltr'>latereulum</span> <span class='ocrx_word' id='word_1_398' title='bbox 638 2743 678 2762; x_wconf 80' lang='lat' dir='ltr'>ex</span> <span class='ocrx_word' id='word_1_399' title='bbox 703 2733 788 2763; x_wconf 85' lang='lat' dir='ltr'>hisee</span> <span class='ocrx_word' id='word_1_400' title='bbox 808 2733 962 2763; x_wconf 85' lang='lat' dir='ltr'>ehrouieis</span> <span class='ocrx_word' id='word_1_401' title='bbox 980 2733 1226 2774; x_wconf 79' lang='lat' dir='ltr'>deprompsisse.</span> <span class='ocrx_word' id='word_1_402' title='bbox 1266 2733 1489 2763; x_wconf 85' lang='lat' dir='ltr'>adnotationes</span> <span class='ocrx_word' id='word_1_403' title='bbox 1506 2742 1632 2773; x_wconf 86' lang='lat' dir='ltr'>quoque</span> <span class='ocrx_word' id='word_1_404' title='bbox 1650 2732 1777 2762; x_wconf 83' lang='lat' dir='ltr'>histori—</span> 
     </span>
     <span class='ocr_line' id='line_1_42' title="bbox 338 2783 1780 2826; baseline -0.001 -11"><span class='ocrx_word' id='word_1_405' title='bbox 338 2796 389 2815; x_wconf 63' lang='lat' dir='ltr'>eas</span> <span class='ocrx_word' id='word_1_406' title='bbox 423 2785 463 2815; x_wconf 81' lang='lat' dir='ltr'>ita</span> <span class='ocrx_word' id='word_1_407' title='bbox 498 2783 656 2816; x_wconf 83' lang='lat' dir='ltr'>adhibuit.</span> <span class='ocrx_word' id='word_1_408' title='bbox 690 2789 723 2814; x_wconf 91' lang='lat' dir='ltr'>ut</span> <span class='ocrx_word' id='word_1_409' title='bbox 756 2785 785 2815; x_wconf 88' lang='lat' dir='ltr'>in</span> <span class='ocrx_word' id='word_1_410' title='bbox 818 2789 908 2826; x_wconf 86' lang='lat' dir='ltr'>parte</span> <span class='ocrx_word' id='word_1_411' title='bbox 942 2784 1190 2826; x_wconf 67' lang='lat' dir='ltr'>llieronymiana</span> <span class='ocrx_word' id='word_1_412' title='bbox 1225 2783 1323 2816; x_wconf 82' lang='lat' dir='ltr'>duae.</span> <span class='ocrx_word' id='word_1_413' title='bbox 1359 2794 1436 2826; x_wconf 74' lang='lat' dir='ltr'>quas</span> <span class='ocrx_word' id='word_1_414' title='bbox 1467 2784 1550 2814; x_wconf 76' lang='lat' dir='ltr'>solas</span> <span class='ocrx_word' id='word_1_415' title='bbox 1587 2783 1683 2813; x_wconf 86' lang='lat' dir='ltr'>hahet</span> <span class='ocrx_word' id='word_1_416' title='bbox 1720 2793 1780 2813; x_wconf 85' lang='lat' dir='ltr'>nou</span> 
     </span>
    </p>
   </div>
   <div class='ocr_carea' id='block_1_5' title="bbox 1524 2839 1573 2864">
    <p class='ocr_par' dir='ltr' id='par_1_12' title="bbox 1524 2839 1573 2864">
     <span class='ocr_line' id='line_1_43' title="bbox 1524 2839 1573 2864; baseline 0.02 -1"><span class='ocrx_word' id='word_1_417' title='bbox 1524 2839 1573 2864; x_wconf 71' lang='lat'>32¹³&lt;</span> 
     </span>
    </p>
   </div>
  </div>
 </body>
</html>
