2118 3122
803 159 892 185 ANNI
914 159 1062 185 ‹'(„·(³L1111.
1701 166 1751 194 l·ll

887 379 976 412 xvi.

643 466 874 498 CHRONIOA
902 466 1034 497 vauls
1060 466 1226 500 ROMAE.

211 612 510 655 (thonographiam
543 611 627 654 quod
659 612 728 643 finit
761 612 933 643 chronicon
969 613 1055 643 urbis
1080 612 1204 644 Romae
1235 619 1403 644 enumerat
1435 625 1528 653 reges
1562 615 1694 645 Latinos
1725 619 1755 644 ct

107 666 254 697 Albanos
278 669 310 695 et
328 664 500 697 Romanos.
526 663 642 694 deinde
668 663 789 694 liberae
817 664 860 694 rei
887 663 1034 705 publicae
1060 664 1193 695 annales
1220 670 1444 706 repraesentat
1470 666 1653 697 nominihus
1673 677 1754 708 quos

107 718 152 748 ait
176 717 383 749 dictatorum.
417 726 492 746 vere
517 716 673 746 clarorum
701 716 839 746 virorum
870 716 938 746 sine.
965 716 1028 746 ullo
1054 717 1209 758 temporis
1235 716 1346 747 ordine
1373 718 1618 759 nominibusque
1645 719 1753 749 inultis

109 767 326 811 pessumdatis
357 767 468 810 paucis
497 767 661 798 versieulis
687 771 950 798 coacervatorum
966 768 1005 807 ¹),
1030 767 1169 809 denique
1195 769 1406 810 imperatores
1432 775 1579 800 recenset
1604 770 1643 800 ad
1672 770 1753 801 Lici-

107 822 193 852 nium
226 830 328 862 usque
360 819 394 859 (†
425 819 510 859 324).
561 819 614 860 qui
644 819 787 861 scripsit,
819 819 858 851 ad
887 820 1031 861 singulos
1065 820 1277 862 imperatores
1308 824 1434 862 tempus
1465 821 1587 862 imperii
1621 821 1754 852 adnotat

107 877 140 903 et
171 872 274 903 locum
307 871 430 905 obitus,
465 871 495 902 in
527 871 585 901 hoc
619 870 790 901 indicando
821 871 1010 913 conspirans
1043 872 1154 913 paucis
1186 872 1333 913 exceptis
1366 883 1436 903 cum
1467 873 1624 903 laterculo
1658 884 1752 914 quem

108 925 249 955 servavit
273 924 432 965 interpres
458 922 591 953 Eusebii
611 922 785 953 Armenius
811 922 872 954 vol.
897 925 904 952 1
935 934 1007 964 app.
1026 934 1054 965 p.
1078 925 1122 954 17.
1146 924 1190 954 lS.
1210 927 1381 965 praeterea
1399 928 1508 955 autem
1528 936 1587 955 non
1607 925 1752 966 respexit

107 975 275 1017 imperium
303 974 494 1007 Romanum.
520 973 578 1004 sed
602 973 701 1004 solam
728 973 841 1005 urbem
868 974 1014 1009 Romam,
1045 985 1116 1005 nain
1144 979 1279 1006 externa
1304 977 1411 1006 onmia
1437 976 1563 1009 absunt,
1590 980 1755 1018 ponuntur

108 1026 324 1069 pestilentiae.
350 1026 508 1060 incendia,
535 1025 701 1057 tumultus.
726 1036 823 1067 opera
848 1026 976 1067 publica
1001 1030 1032 1056 et
1057 1026 1279 1057 memorabilia
1304 1027 1402 1058 varia.
1436 1032 1470 1058 ut
1494 1032 1621 1058 ostenta
1654 1039 1752 1069 quae-

106 1079 178 1110 dam
211 1082 242 1109 et
273 1077 532 1120 polyphagorum
562 1077 796 1115 exhibitiones),
830 1079 1019 1119 praesertim
1050 1083 1158 1109 autem
1185 1079 1361 1120 congiaria,
1394 1090 1476 1120 quae
1502 1090 1572 1110 cum
1598 1079 1752 1122 incipiant

106 1130 146 1161 ab
171 1131 239 1172 ipso
257 1130 395 1161 Romulo
421 1129 629 1171 regibusque.
655 1128 771 1160 deinde
795 1133 945 1160 accurate
972 1130 1186 1172 explicantur.
1212 1134 1246 1161 ut
1270 1135 1348 1172 quot
1367 1141 1514 1162 nummos
1532 1132 1602 1172 quis
1619 1132 1751 1162 urbanis

106 1182 315 1214 distribuerit.
340 1181 475 1211 collecta
500 1191 625 1211 sunnna
646 1180 684 1211 ad
710 1181 854 1221 singulos
877 1182 1088 1223 imperatores
1107 1182 1321 1214 adscribatur.
1357 1187 1391 1213 ut
1408 1183 1535 1213 ieiunus
1555 1191 1586 1214 et
1603 1183 1752 1225 plebeius

106 1234 236 1265 libellus
262 1237 321 1270 est,
346 1233 391 1263 ita
415 1231 497 1263 fidus
523 1236 554 1263 et
578 1232 682 1264 utilis:
708 1243 769 1263 non
796 1233 899 1264 solum
928 1233 1138 1275 topographis
1165 1234 1252 1264 urbis
1278 1233 1402 1265 Romae
1428 1234 1519 1276 plura
1549 1235 1629 1265 scitu
1656 1235 1752 1275 digna

106 1289 138 1316 et
161 1288 313 1316 accurate
339 1284 442 1315 relata
467 1283 697 1326 suppeditavit.
723 1283 778 1315 sed
805 1289 952 1326 tempora
976 1295 1103 1326 quoque
1129 1295 1300 1325 regnorum
1320 1286 1372 1316 vix
1390 1286 1466 1316 alibi
1485 1286 1674 1327 diligentius
1697 1286 1751 1317 do*

105 1337 260 1369 finiuntur
289 1339 322 1367 et
352 1346 423 1366 cum
452 1345 531 1366 vera
562 1335 732 1366 tradantur
762 1335 801 1367 de
827 1335 999 1367 Gordianis
1030 1336 1133 1367 tribus
1158 1340 1190 1367 et
1214 1336 1361 1379 Pupieno
1387 1337 1602 1379 Balbinoque,
1628 1339 1753 1369 evitan-

104 1393 157 1420 tur
185 1389 231 1420 ita
264 1398 405 1425 errores,
439 1387 492 1429 qui
525 1387 620 1418 tertio
653 1387 783 1418 saeculo
814 1387 1120 1430 historiographiam
1151 1387 1337 1419 Occidentis
1368 1389 1552 1420 universam
1577 1400 1680 1431 paene
1706 1390 1752 1420 in-

105 1440 270 1472 sederunt.

208 1490 509 1532 Chronographiam
540 1501 566 1521 a.
586 1492 646 1521 354
672 1491 721 1521 vel
750 1492 856 1533 petius
888 1502 915 1523 a.
935 1493 994 1522 334
1020 1492 1072 1533 qui
1101 1491 1304 1533 compilavit,
1334 1491 1393 1523 hos
1422 1492 1595 1522 laterculos
1628 1497 1752 1534 partem

105 1553 178 1575 esse
204 1543 346 1574 voluisse
370 1541 471 1573 libelli
496 1542 717 1583 generationis
742 1543 910 1574 evidenter
933 1547 1085 1585 apparat:
1111 1554 1183 1574 nam
1204 1543 1317 1574 indicis
1336 1554 1430 1585 quem
1449 1545 1639 1586 praeposuit
1657 1549 1752 1586 caput

104 1596 253 1627 ultimum
273 1595 493 1633 imperatormn
510 1593 725 1625 Romanorum
744 1595 872 1625 ‹tzamina
889 1606 909 1624 ιι
928 1595 1010 1625 Gaio
1025 1594 1107 1625 Iulio
1125 1594 1259 1625 (laesam
1274 1598 1302 1625 et
1319 1595 1498 1625 raoesulilms
1515 1595 1622 1637 (μήθ)
1640 1600 1752 1638 aperte

105 1648 335 1689 imperatorum
367 1645 503 1676 elencho
528 1645 703 1687 respondet
728 1656 832 1688 neque
858 1657 1054 1688 magnopere
1079 1645 1229 1680 offendit,
1260 1646 1344 1687 quod
1372 1647 1424 1688 qui
1450 1646 1588 1678 indicem
1615 1648 1754 1678 confovit

104 1703 230 1742 partem
262 1709 344 1740 quae
375 1700 500 1740 spectat
530 1696 569 1727 ad
601 1708 696 1738 reges
728 1702 759 1728 et
784 1698 958 1729 dictatores
984 1699 1027 1729 ita
1051 1698 1205 1739 neglexit.
1254 1698 1315 1728 iam
1345 1709 1415 1729 eum
1446 1699 1588 1729 libellum
1615 1710 1752 1740 gencra-

104 1751 201 1783 tionis
227 1754 352 1781 constet
375 1748 545 1791 Hippolyti
577 1758 649 1779 csse
673 1753 705 1779 et
729 1759 804 1780 vere
829 1750 1058 1792 imperatorum
1083 1750 1274 1781 laterculum
1301 1750 1514 1782 continuisse.
1547 1751 1652 1792 possis
1678 1761 1751 1781 con-

105 1804 190 1835 icere
220 1801 442 1833 chronicorum
474 1800 585 1831 horum
611 1804 735 1842 partem
761 1800 938 1843 Hippolyto
963 1801 1157 1832 anteriorem
1183 1805 1214 1832 et
1239 1801 1341 1843 ipsam
1368 1802 1438 1832 cius
1463 1812 1550 1833 esse:
1576 1801 1633 1832 sed
1659 1813 1752 1833 secus

106 1858 165 1885 est.
206 1864 280 1885 uam
304 1852 480 1884 laterculus
505 1852 542 1882 is.
567 1862 662 1893 quem
687 1852 813 1894 plenior
838 1852 938 1884 libelli
956 1852 1180 1894 Hippolytiani
1208 1854 1311 1884 versio
1337 1853 1437 1884 altera
1464 1853 1563 1884 habet
1587 1854 1752 1885 finientem

105 1906 137 1937 in
163 1904 350 1936 Alexandro
379 1913 538 1945 quemque
570 1903 670 1944 ipsius
699 1914 772 1935 esse
801 1904 943 1935 dubitari
974 1915 1036 1936 non
1069 1909 1191 1946 potest.
1222 1916 1284 1936 non
1315 1905 1418 1936 solum
1448 1905 1606 1936 deductus
1638 1910 1688 1936 est
1713 1906 1752 1936 ab

105 1958 254 1999 Augusto
279 1956 321 1997 (v.
340 1966 436 1998 supra
461 1966 490 1997 p.
515 1954 595 1994 134),
621 1965 693 1986 cum
718 1955 768 1987 hic
793 1966 811 1986 a
832 1956 974 1987 Caesare
999 1956 1138 1987 inchoet.
1164 1957 1221 1988 sed
1243 1958 1339 1988 etiam
1358 1958 1388 1988 in
1407 1967 1579 1998 regnorum
1598 1958 1751 1999 tempori-

105 2011 165 2042 bus
190 2011 234 2041 ita
259 2010 298 2041 ab
323 2009 383 2040 hoc
407 2008 523 2040 differt.
548 2012 582 2039 ut
606 2007 646 2039 ad
672 2008 810 2040 eundem
835 2010 1025 2051 scriptorem
1051 2009 1113 2040 duo
1137 2009 1286 2040 laterculi
1309 2009 1420 2039 referri
1446 2013 1617 2050 nequeant.
1658 2009 1752 2050 profl-

106 2062 179 2092 cisci
212 2061 362 2092 chronica
391 2060 471 2091 haec
504 2063 570 2091 tota
595 2059 634 2090 ab
660 2059 774 2092 eodem
799 2064 931 2092 auctore
956 2061 1122 2102 primario,
1154 2061 1207 2102 qui
1233 2072 1250 2092 a
1277 2061 1406 2101 regibus
1432 2060 1471 2092 ad
1497 2071 1586 2091 suam
1612 2064 1752 2091 aetatem

106 2123 144 2144 ea
172 2113 396 2155 pertractarit.
427 2112 569 2143 maxime
601 2112 766 2153 congiaria
795 2112 970 2144 ostendunt
1002 2123 1058 2154 pcr
1089 2123 1200 2153 regum
1227 2112 1373 2143 fabulosa
1400 2116 1545 2154 tempora
1572 2113 1614 2143 ita
1640 2113 1752 2148 relata,

105 2169 140 2196 ut
168 2165 262 2196 solito
294 2174 382 2195 more
414 2163 551 2194 instituti
581 2168 695 2205 postea
730 2165 850 2206 recepti
880 2161 983 2195 αἰτίαι
1014 2175 1054 2195 nc
1087 2164 1202 2195 desint.
1258 2174 1332 2195 eum
1362 2168 1527 2195 auctorem
1562 2164 1752 2194 Suetonium

106 2227 179 2248 esse
204 2217 234 2247 in
252 2215 392 2247 editione
417 2215 523 2257 priore
548 2216 649 2257 posui.
675 2216 721 2246 eis
747 2216 948 2257 potissimum
973 2216 1174 2257 argumentis
1199 2226 1286 2248 usus,
1311 2215 1396 2256 quod
1413 2226 1496 2256 quae
1515 2214 1554 2246 de
1576 2216 1750 2256 congiariis

106 2268 232 2299 Numae
257 2268 390 2309 eiusque
415 2266 542 2298 assibus
571 2267 706 2298 scorteis
733 2267 783 2298 hic
808 2267 999 2301 referuntur:
1025 2267 1108 2308 apud
1128 2266 1259 2298 Suidam
1284 2266 1457 2297 laudantur
1481 2277 1521 2297 ex
1541 2266 1695 2297 Suetonio
1721 2272 1752 2296 et

106 2319 190 2361 quod
215 2323 317 2350 totuin
343 2318 585 2360 mythistoricae
608 2318 800 2349 narrationis
822 2329 924 2357 genus
941 2319 1060 2360 optime
1080 2318 1230 2349 convenit
1248 2318 1317 2349 eius
1335 2319 1476 2349 auctoris
1495 2318 1625 2359 ingenio
1643 2318 1750 2348 libris-

107 2381 168 2413 que
193 2371 263 2402 eius
287 2370 390 2401 tribus
416 2369 455 2400 de
481 2370 621 2411 regibus.
647 2369 843 2411 probavique
868 2369 899 2400 id
924 2374 956 2400 et
980 2370 1050 2400 aliis
1075 2374 1107 2401 et
1124 2369 1403 2401 Rcitl'erscheidio.
1429 2370 1481 2411 qui
1499 2380 1582 2411 quae
1601 2370 1750 2400 chronica

107 2422 187 2454 haec
211 2422 251 2453 de
276 2421 408 2463 regibus
432 2421 555 2453 habent
578 2422 682 2452 omnia
709 2421 844 2452 inseruit
870 2421 1014 2462 reliquiis
1040 2421 1247 2452 Suetonianis
1271 2422 1493 2463 p.31(i—32o.
1531 2421 1587 2451 sed
1615 2421 1643 2451 in
1670 2421 1752 2451 hane

213 2534 235 2566 l)
255 2535 293 2558 Aa
313 2535 360 2559 hue
378 2540 452 2567 caput
472 2535 633 2566 respicientes
660 2535 716 2559 fasti
737 2534 928 2566 chranum-:ipio
954 2534 1031 2558 nostri
1052 2542 1138 2565 tsupra
1160 2543 1180 2565 1·-
1195 2533 1238 2564 55)
1257 2534 1287 2558 uel
1306 2542 1327 2558 a.
1350 2543 1373 2558 ιι.
1393 2543 1413 2558 c.
1435 2533 1484 2558 ῘΟΪ)
1503 2534 1620 2558 caesaris
1641 2534 1748 2565 primum

106 2578 240 2602 adnotant:
264 2578 310 2601 lwz·
332 2586 408 2609 usqne
432 2578 567 2602 ‹lit-ratores
590 2579 703 2606 suerum.
749 2583 860 2601 ceterum
886 2577 1010 2608 quomod·-
1035 2577 1161 2606 evenerit,
1188 2583 1213 2600 ut
1241 2582 1331 2608 quartu
1356 2586 1377 2608 p.
1397 2578 1455 2600 ('hr.
1481 2577 1584 2600 s:wciil‹=
1611 2576 1688 2600 libera
1717 2577 1751 2600 rei

108 2621 225 2653 publicae
248 2626 362 2653 tempora
381 2630 424 2653 per
448 2621 581 2645 dictatores
600 2621 666 2644 sul-»s
685 2626 944 2652 reprcwsentarciuur,
965 2621 1056 2644 nescia.
1093 2620 1160 2651 apud
1181 2621 1318 2644 Eusebium
1338 2621 1398 2650 (vul.
1418 2621 1426 2644 l
1450 2629 1472 2652 p.
1486 2619 1536 2643 2⁹3
1556 2620 1612 2643 sch.
1633 2625 1654 2643 c!
1676 2620 1707 2643 :ul
1728 2629 1751 2643 a.

107 2663 260 2696 Abr.1504)
287 2672 316 2689 ea
336 2664 378 2688 ubi
404 2664 568 2690 inducuntur.
592 2664 685 2687 menti<-
711 2664 737 2688 tit
758 2663 891 2687 consulum
910 2669 933 2687 et
953 2663 1110 2688 «liemarum.
1149 2663 1173 2686 in
1193 2664 1256 2687 serie
1277 2671 1364 2694 regum
1385 2663 1583 2693 llicrnnymiana
1602 2671 1668 2693 quae
1689 2663 1752 2686 inter

109 2716 180 2739 reges
203 2712 226 2731 et
251 2708 412 2739 imperat-ures
432 2707 600 2731 Romanorum
625 2707 820 2738 interponunnlr
839 2706 940 2730 nininina
967 2706 1016 2735 ted.
1036 2706 1149 2730 sclnwnt·
1169 2706 1216 2730 vul.
1234 2706 1244 2729 l
1266 2715 1323 2737 app.
1338 2715 1360 2737 p.
1375 2706 1419 2735 235)
1439 2706 1471 2728 ab
1492 2706 1558 2728 hisce
1578 2706 1688 2732 diversa,
1709 2706 1751 2729 sed

109 2751 209 2780 similia,
236 2751 352 2775 nituntur
370 2750 429 2774 solis
447 2750 600 2774 editionibus
620 2750 737 2774 vetustis:
761 2754 826 2773 certe
847 2750 871 2773 in
891 2758 983 2781 magun
1005 2758 1108 2773 numeru
1127 2749 1242 2773 codicum
1264 2749 1529 2780 l{ier-›nymiaw·1-uni,
1549 2756 1613 2779 quos
1634 2753 1676 2771 aut
1699 2748 1750 2779 ips-⁴·

108 2793 190 2816 evolvi
209 2799 252 2817 aut
273 2801 326 2818 mea
345 2801 423 2817 cansa
444 2793 526 2818 amici.
546 2793 634 2816 seriem
655 2801 742 2823 regum
763 2793 834 2824 pauci
856 2793 1010 2816 habnt-rum.
1031 2793 1076 2816 ho<-
1096 2798 1171 2823 capnt
1192 2792 1286 2816 nullus.
