2118 3122
289 180 350 210 :328

350 422 399 451 Sui.

345 1203 394 1231 59.

344 1412 394 1440 90.

342 1620 392 1648 01.

342 1774 381 1801 oo

343 1931 393 1959 ¹³3,

299 2301 330 2320 ε.
345 2294 394 2321 ΕΗ.

339 2449 389 2476 (Αἵ).

338 2655 388 2683 9¹²..

998 177 1230 204 coNsVLARIA

643 264 868 295 ,lxodx'i'jll
901 264 1154 296 VALESIAXI
1175 265 1295 296 PARS
1319 264 1588 298 POSTERIOR.

416 317 507 348 lalsa
534 324 581 347 est
601 317 776 347 insinuatio
801 315 971 358 Cypriani:
1005 316 1062 348 sed
1094 318 1119 348 si
1146 317 1284 349 Albinus
1310 318 1400 352 fecit,
1432 322 1464 349 et
1493 328 1554 359 ego
1584 321 1617 349 et
1647 322 1783 349 cunctus
1808 322 1943 350 senatus

418 379 480 399 uno
507 369 641 399 consilio
666 368 817 400 fecimus:
844 369 959 400 salsum
985 373 1044 402 est.
1069 369 1186 401 domne
1213 369 1292 401 rex’⁴

415 428 490 451 tune
505 420 688 462 Cyprianus
714 420 878 452 haesitans
901 432 963 452 non
983 422 1085 453 solum
1104 422 1261 454 adversus
1281 423 1446 456 Albinum.
1473 422 1530 454 sed
1548 427 1580 454 et
1596 422 1753 454 adversus
1772 422 1943 454 Boethium

416 474 484 504 eius
517 472 722 503 defensorem
753 472 884 504 deducit
916 474 1017 504 falsos
1046 478 1158 506 testes.
1213 474 1269 506 sed
1303 485 1358 505 rex
1389 474 1497 505 dolum
1532 474 1688 506 Romanis
1720 474 1877 506 tendebat
1912 479 1945 506 et

417 525 594 566 quaerebat
624 535 718 566 quem
749 524 788 555 ad
824 525 954 556 modum
987 536 1041 556 eos
1066 526 1276 558 interficeret:
1309 526 1382 569 plus
1408 526 1545 558 credidit
1569 526 1659 558 salsis
1683 526 1821 558 testibus
1847 537 1943 569 quam

415 577 631 609 senatoribus.

396 637 491 659 .tunc
517 629 656 660 Albinus
686 635 717 660 et
751 629 909 660 Boethius
941 629 1029 660 ducti
1062 631 1092 661 in
1123 631 1303 661 custodiam
1334 630 1373 662 ad
1403 630 1632 672 baptisterium
1666 631 1839 664 ecclesiae.
1885 643 1943 663 rex

415 692 490 712 vero
522 682 649 712 vomu-it
676 681 854 712 Eusebium
880 683 1081 724 praefectum
1108 682 1197 714 urbis
1223 682 1326 713 Ticini
1358 686 1391 714 et
1415 682 1559 714 inaudito
1585 682 1724 714 Boethio
1753 684 1888 725 protulit
1912 685 1942 715 in

415 744 487 764 eum
521 734 729 764 sententium.
775 744 870 775 quem
896 744 971 764 mox
1007 734 1037 765 in
1073 745 1151 775 agro
1179 734 1409 766 Culventiano.
1439 735 1492 766 ubi
1518 735 1548 766 in
1579 735 1726 767 custodia
1751 735 1943 774 habebatur,

418 785 536 816 misere
571 786 648 816 l'ccit
682 785 796 816 occidi.
847 786 899 827 qui
932 791 1067 828 accepta
1099 786 1219 818 chorda
1255 787 1285 818 in
1320 786 1427 818 fronte
1464 787 1645 819 diutissime
1681 790 1801 821 tortus.
1836 788 1879 819 ita
1909 791 1944 819 ut

415 837 498 868 oeuli
525 837 595 868 eius
621 843 804 879 creparent.
830 838 875 869 sie
901 838 960 869 sub
985 842 1146 869 tormenta
1170 838 1210 870 ad
1236 839 1384 870 ultimum
1410 850 1482 870 cum
1507 840 1593 871 fuste
1618 839 1787 872 occiditur.

328 911 336 919 .
377 915 402 920 -.
419 888 560 920 Rediens
585 890 684 930 igitur
709 901 766 921 rex
780 889 983 922 Ravennam.
1009 895 1152 922 tractans
1176 901 1239 922 non
1266 895 1300 922 ut
1324 891 1376 923 dei
1395 892 1518 923 amicus
1536 891 1593 923 sed
1612 891 1675 933 legi
1693 892 1763 923 cius
1781 892 1942 931 inimicus,

415 941 572 972 inmemor
601 941 705 972 sactus
730 941 835 973 omnis
862 942 932 973 eius
958 942 1107 973 beneficii
1132 946 1165 974 et
1185 943 1330 984 gratiae,
1356 954 1451 985 quam
1481 944 1510 975 ei
1537 943 1686 982 dederat,
1717 943 1884 975 confidens
1909 944 1941 975 in

412 992 543 1023 brachio
569 1004 642 1030 suo,
673 993 749 1024 item
775 993 911 1025 credens
937 994 1021 1036 quod
1048 1005 1122 1026 eum
1147 995 1393 1037 pertimesceret
1419 996 1562 1027 Iustinus
1587 996 1778 1038 imperator,
1808 997 1940 1028 mittens

412 1050 443 1076 et
476 1056 614 1076 evocans
639 1045 830 1077 Ravennam
857 1045 1036 1078 Iohannem
1063 1047 1149 1078 sedis
1178 1048 1379 1089 apostolicae
1409 1048 1592 1090 praesulem
1623 1052 1655 1079 et
1678 1047 1755 1079 dicit
1784 1047 1824 1079 ad
1849 1058 1940 1080 eum:

410 1097 551 1128 'ambula
565 1096 879 1139 Constantinopolim
898 1097 938 1129 ad
956 1098 1117 1130 Iustinum
1135 1100 1377 1142 imperatorem,
1395 1104 1428 1132 et
1444 1100 1496 1131 dic
1516 1100 1546 1131 ei
1570 1100 1655 1132 inter
1670 1100 1745 1138 alia,
1770 1104 1806 1132 ut
1823 1110 1938 1132 recon-

411 1149 538 1180 ciliatos
557 1149 587 1180 in
615 1149 775 1180 catholiea
800 1150 951 1181 restituat
976 1150 1156 1192 religione'.

411 1201 460 1231 cui
487 1212 571 1243 papa
599 1201 760 1232 Iohannes
791 1202 835 1232 ita
864 1201 1045 1243 respondit:
1078 1203 1173 1244 *quod
1199 1203 1344 1235 facturus
1369 1215 1414 1239 es,
1440 1215 1509 1236 rex.
1540 1204 1639 1235 facito
1665 1204 1777 1235 citius:
1807 1214 1885 1235 ecce
1910 1203 1940 1234 in

412 1258 589 1295 conspectu
619 1260 673 1285 tuo
699 1253 802 1285 adsto.
851 1253 908 1284 hoc
935 1253 990 1285 tibi
1017 1265 1078 1296 ego
1104 1266 1166 1286 non
1192 1256 1346 1297 promitto
1371 1267 1421 1287 me
1444 1256 1616 1293 facturum,
1641 1267 1700 1288 nee
1724 1256 1770 1287 illi
1793 1255 1940 1287 dicturus

410 1316 491 1337 sum.
531 1316 603 1336 nam
627 1306 658 1337 in
681 1306 754 1337 aliis
781 1306 898 1338 causis.
924 1306 1041 1348 quibus
1067 1307 1145 1338 mihi
1173 1307 1363 1347 iniunxeris,
1389 1307 1536 1340 obtinere
1561 1308 1602 1339 ab
1626 1307 1751 1346 eodem,
1776 1311 1940 1339 annuente

409 1357 479 1395 deo,
506 1357 641 1399 potero'.

411 1409 499 1440 iubet
522 1420 598 1451 crgo
623 1421 680 1441 rex
706 1411 806 1442 iratus
832 1421 947 1442 navem
972 1410 1124 1442 fabricari
1147 1415 1180 1443 et
1198 1413 1476 1454 superinpositum
1495 1423 1568 1443 eum
1588 1422 1660 1443 cum
1677 1411 1748 1443 aliis
1767 1411 1939 1453 episcopis,

409 1461 438 1491 id
464 1466 513 1492 est
532 1461 715 1493 Ecclesium
732 1462 959 1494 Ravennatem
985 1467 1018 1493 et
1036 1463 1217 1495 Eusebium
1235 1463 1428 1496 Fanestrem
1452 1468 1483 1496 et
1503 1464 1660 1495 Sabinum
1680 1463 1881 1506 Campanum
1907 1467 1940 1494 et

413 1513 494 1543 alios
518 1513 609 1544 duos.
635 1515 728 1545 simul
754 1520 785 1545 et
811 1519 978 1546 senatores
995 1514 1201 1547 Theodorum
1220 1515 1434 1558 Inportunum
1453 1516 1631 1558 Agapitum
1650 1519 1682 1547 et
1699 1515 1795 1546 alium
1814 1515 1938 1557 Agapi-

408 1573 486 1597 tum.
533 1565 590 1597 sed
616 1565 708 1605 deus,
734 1567 786 1608 qui
812 1566 925 1597 fideles
949 1567 1089 1598 cultores
1112 1579 1188 1599 suos
1207 1579 1268 1599 non
1287 1568 1419 1607 deserit,
1445 1579 1517 1600 cum
1536 1568 1754 1611 prosperitate
1772 1567 1937 1610 perduxit.

409 1617 458 1648 eui
482 1617 627 1648 Iustinus
652 1619 827 1660 imperator
854 1619 993 1650 venienti
1020 1619 1063 1650 ita
1087 1620 1227 1651 occurrit
1251 1631 1288 1651 ac
1306 1621 1332 1652 si
1353 1621 1450 1652 beato
1468 1621 1580 1652 Petro:
1606 1620 1657 1651 cui
1675 1619 1752 1651 data
1769 1619 1933 1660 legatione

407 1670 514 1700 omnia
540 1671 728 1712 repromisit
752 1671 910 1701 facturum
933 1675 1064 1713 praeter
1088 1672 1325 1712 reconciliatos,
1351 1673 1404 1714 qui
1425 1684 1459 1705 se
1476 1672 1550 1704 fidoi
1569 1672 1748 1704 catholicae
1766 1671 1935 1710 dederunt,

408 1721 555 1752 Arrianis
581 1722 708 1753 restitui
735 1723 922 1754 nullatenus
947 1734 1056 1765 posse.

387 1772 465 1804 .sed
491 1773 565 1804 dum
592 1773 673 1805 haee
699 1779 856 1815 aguntur,
891 1774 1108 1816 Symmachus
1133 1778 1232 1817 caput
1258 1776 1372 1812 senati,
1398 1776 1488 1808 cuius
1512 1776 1670 1808 Boethius
1694 1775 1793 1807 filiam
1823 1774 1937 1806 habuit

407 1835 559 1856 uxorem.
590 1825 762 1857 deducitur
794 1826 833 1856 de
858 1826 963 1857 Roma
987 1826 1188 1859 Ravennam.
1236 1832 1386 1859 metuens
1415 1839 1492 1859 vero
1526 1839 1583 1860 rex
1615 1839 1655 1859 ne
1685 1827 1798 1858 dolore
1823 1826 1935 1868 generi

407 1876 527 1918 aliquid
557 1876 716 1908 adversus
744 1889 878 1919 regnum
906 1879 975 1909 eius
1000 1882 1166 1918 tractaret,
1193 1880 1322 1911 obiecto
1347 1881 1481 1911 crimine
1508 1881 1600 1911 iussit
1624 1879 1772 1911 interfici.

409 1934 577 1960 revertens
607 1929 770 1961 Iohannes
797 1941 878 1972 papa
904 1942 922 1961 a
950 1930 1088 1962 Iustino.
1125 1943 1220 1973 quem
1256 1932 1478 1964 Theodericus
1521 1944 1592 1964 cum
1623 1932 1695 1963 dolo
1728 1931 1871 1973 suscepit
1903 1934 1937 1961 et

409 1980 437 2010 in
476 1982 598 2012 offensa
634 1993 693 2012 sua
724 1993 796 2013 eum
833 1994 906 2013 csse
941 1983 1038 2014 iubet.
1091 1985 1143 2025 qui
1173 1988 1246 2026 post
1278 1996 1399 2027 paucos
1436 1985 1507 2017 dies
1540 1985 1713 2016 defunctus
1743 1988 1803 2015 est.
1856 1993 1934 2023 ergo

406 2038 521 2062 euntes
550 2034 659 2075 populi
689 2038 763 2064 ante
793 2035 1020 2076 corpusculum
1053 2036 1138 2067 eius.
1165 2036 1272 2067 subito
1301 2048 1382 2068 uuus
1411 2037 1450 2067 de
1481 2037 1575 2069 turba
1599 2037 1737 2079 adeptus
1761 2035 1933 2067 daemonio

406 2084 521 2114 cecidit
561 2090 593 2115 et
629 2085 703 2116 dum
738 2086 938 2128 pervenisset
969 2097 1040 2117 cum
1075 2086 1194 2118 lectulo
1233 2088 1286 2119 uhi
1322 2089 1406 2119 latus
1441 2093 1511 2120 erat
1547 2099 1649 2131 usque
1685 2088 1724 2120 ad
1757 2088 1932 2126 hominem,

407 2136 514 2166 subito
533 2147 630 2167 sanus
648 2138 787 2169 surrexit
805 2142 837 2169 et
854 2139 1077 2180 praecedebat
1098 2141 1128 2171 in
1147 2141 1332 2182 exsequias.
1373 2141 1458 2183 quod
1477 2142 1623 2173 videntes
1640 2141 1750 2183 populi
1776 2143 1809 2172 et
1835 2150 1930 2171 sena-

407 2194 493 2217 tores
525 2194 702 2230 coeperunt
728 2190 884 2231 reliquias
909 2190 948 2221 de
976 2195 1066 2222 veste
1089 2192 1159 2223 eius
1182 2193 1310 2224 tollere.
1356 2193 1401 2224 sic
1426 2204 1497 2224 eum
1523 2204 1648 2224 summo
1673 2192 1792 2235 gaudio
1817 2191 1928 2234 populi

406 2239 565 2271 deductus
592 2246 641 2271 est
666 2253 783 2284 eorpus
807 2243 875 2273 eius
902 2244 979 2274 foris
1004 2243 1180 2276 civitatem.

414 2291 516 2329 igitur
540 2292 755 2333 Symmachus
781 2294 997 2326 scholasticus
1023 2295 1164 2327 Iudaeus
1197 2297 1328 2328 iubente
1359 2308 1421 2328 non
1452 2309 1528 2336 rege
1554 2297 1611 2328 sed
1636 2301 1772 2338 tyranno
1798 2295 1932 2327 dietavit

407 2351 580 2385 praecepta
607 2344 659 2375 di·-
684 2353 797 2386 quarta
815 2347 905 2377 seria.
931 2347 1070 2389 septimo
1088 2348 1218 2380 kalend.
1237 2350 1431 2390 Septembr..
1455 2349 1629 2380 indictione
1646 2353 1772 2390 quarta,
1797 2348 1930 2390 Olybrio

405 2396 548 2426 consule.
576 2402 606 2426 ut
633 2397 684 2427 die
709 2397 872 2429 dominico
903 2399 1099 2431 adveniente
1124 2401 1253 2431 Arriani
1279 2401 1431 2432 basilicas
1455 2401 1633 2432 catholicas
1657 2400 1858 2432 invaderent.

405 2446 460 2477 scd
487 2447 537 2488 qui
565 2459 625 2479 non
656 2450 776 2490 patitur
806 2450 918 2481 fideles
947 2451 1089 2483 cultores
1121 2463 1195 2483 suos
1232 2452 1272 2484 ab
1307 2453 1497 2494 alienigenis
1528 2453 1681 2495 opprimi,
1715 2463 1790 2484 mox
1820 2443 1930 2483 intulit

406 2499 434 2528 in
461 2509 533 2529 cum
561 2501 754 2531 sententiam
776 2502 858 2532 Arrii
884 2503 1025 2534 auctoris
1051 2504 1218 2545 religionis
1243 2504 1326 2535 eius:
1353 2505 1474 2535 fluxum
1501 2505 1621 2536 ventris
1644 2505 1779 2536 incurrit
1798 2508 1830 2536 et
1853 2504 1928 2535 dum

407 2551 488 2581 intra
514 2551 653 2582 triduum
679 2558 855 2584 evacuatus
882 2554 1008 2589 fuisset,
1030 2555 1144 2586 eodem
1169 2555 1231 2587 die.
1253 2566 1314 2597 quo
1335 2567 1370 2587 se
1395 2556 1559 2597 gaudebat
1584 2557 1740 2589 ecclesias
1764 2557 1927 2589 invadere.

405 2602 499 2633 simul
527 2614 660 2643 regnum
687 2611 717 2634 ‹·t
744 2605 883 2636 animam
909 2607 1027 2638 amisit.

404 2665 481 2693 vrgo
508 2659 681 2696 antequam
708 2656 887 2687 exhalaret.
915 2662 1064 2699 nepotem
1093 2669 1185 2689 suum
1209 2659 1432 2691 Athalaricum
1458 2660 1487 2691 in
1509 2671 1643 2701 regnum
1669 2661 1846 2704 constituit.
1893 2671 1927 2691 se

403 2712 511 2736 autem
539 2707 610 2737 rivo
635 2708 710 2737 feeit
732 2707 790 2738 sibi
818 2709 1050 2740 monimentum
1068 2721 1107 2740 ex
1128 2710 1234 2752 lapide
1259 2711 1427 2752 quadrato.
1454 2712 1553 2743 mirae
1578 2712 1809 2753 magnitudinis
1834 2723 1925 2755 opus,

402 2765 430 2787 νι
459 2769 572 2789 saxum
600 2759 762 2796 ingentem
794 2771 888 2801 quem
916 2766 1153 2803 anwrponcret
1180 2763 1354 2805 inquisivit.
