2118 3122
329 206 390 236 575
1080 200 1232 227 NOTITIA

329 291 463 331 vestigia
487 297 629 322 servant.
660 288 717 320 sed
741 289 838 319 etiam
863 297 988 318 errores
1013 296 1075 317 non
1100 286 1187 318 dubii
1212 290 1245 317 et
1268 296 1287 317 a
1310 286 1497 318 melioribus
1519 286 1607 318 libris
1632 287 1778 319 omnibus
1802 288 1917 329 alieni,
1948 292 1983 321 ut

330 342 523 373 Elasnticnm
543 341 632 375 xlv,
658 343 664 371 1
694 350 751 382 pro
776 339 969 372 Iz'losnlium.
998 338 1159 370 Com-enas
1182 337 1271 372 xlv,
1290 341 1308 368 ἴ)
1332 348 1388 380 pro
1409 337 1635 376 Conremwum,
1659 339 1736 370 item
1760 336 1981 372 additamenta

330 395 522 425 recentiora.
553 393 592 424 de
622 392 736 434 quibus
768 402 844 422 mox
875 391 1013 424 dicetur.
1044 391 1108 421 late
1133 394 1268 431 regnunt
1297 390 1327 421 in
1357 389 1585 427 deterioribus,
1615 401 1699 433 quae
1729 402 1871 423 errorum
1896 402 1982 424 com-

330 447 438 477 munio
463 456 524 476 non
550 446 626 476 satis
651 444 831 486 explicatur
854 454 942 474 meru
967 443 1212 484 propagatione,
1237 441 1295 473 sed
1319 452 1435 484 magna
1461 453 1501 473 ex
1519 446 1610 484 parte
1628 443 1696 474 sinc
1713 442 1809 474 dubio
1826 443 1983 485 originem

329 498 418 528 duxit
445 508 484 527 ex
514 497 684 528 collatione
710 495 932 537 exemplorum
959 494 1165 526 diversorum.
1216 493 1331 525 eodem
1361 493 1495 526 redeunt
1520 491 1757 537 dittographiae
1781 496 1899 537 passim
1923 495 1981 527 ob-

331 550 400 580 viae
429 554 460 580 et
490 550 519 579 in
550 549 731 580 universum
761 548 805 578 ita
829 553 1051 589 comparatae.
1082 551 1116 577 ut
1139 546 1246 577 statim
1277 550 1507 587 agnoscantur,
1538 546 1661 588 aliquot
1687 547 1766 578 locis
1793 550 1902 579 autem
1924 547 1984 579 irn-

331 608 471 632 mutntae
502 600 542 631 nd
574 602 708 631 formum
739 599 1044 631 additumcntorum.
1089 599 1134 629 ita
1158 598 1200 637 11,
1217 601 1235 628 5
1268 597 1414 629 Salariam
1447 598 1480 629 id
1507 601 1552 629 est
1581 599 1730 630 Saiorum.
1759 609 1822 630 non
1849 602 1899 631 est
1925 599 1985 631 nisi

332 652 550 694 ‹littograpliia
574 663 686 694 parum
712 652 885 683 intellecta.
926 650 1041 682 eodem
1066 649 1162 681 modo
1185 650 1298 681 viritas
1314 649 1567 682 Ecolisrwnsium
1580 650 1673 689 XIII,
1691 652 1709 682 3
1731 651 1784 693 qui
1807 651 1837 682 in
1855 651 1984 693 quibus-

331 704 403 735 dam
451 704 538 735 libris
577 704 782 746 appellantur
819 702 1059 743 Aqnclineuses,
1097 703 1128 733 in
1167 702 1236 733 aliis
1271 701 1526 733 additamentum
1566 703 1687 745 recepit
1721 703 1756 734 id
1794 705 1838 734 est
1875 703 1986 743 Aqua-

331 756 550 788 lasau-usiam.
596 756 706 787 similis
738 755 955 797 ‹littogrupliia
980 754 1107 786 videtur
1131 754 1231 785 latere
1255 754 1285 785 in
1310 754 1416 786 verbis
1440 754 1481 785 ad
1504 757 1642 785 castrum
1673 754 1831 786 Uoc-tiemo
1854 754 1927 795 XV,
1948 757 1984 787 10

332 809 362 839 in
388 808 495 839 multis
519 808 627 843 libris,
659 807 717 839 sed
746 807 878 838 meliore
903 806 990 837 nullo
1019 805 1203 847 adscriptis:
1238 806 1271 837 id
1298 809 1342 837 est
1366 806 1578 837 Astitewcensi
1608 806 1807 846 similiterve,
1838 806 1871 837 id
1902 805 1987 849 quod

331 871 393 891 non
418 859 544 891 viderur
573 871 644 891 esse
677 860 734 890 nisi
759 860 862 901 ipsum
892 861 968 890 east.
999 858 1158 889 I'w'tiensae·
1181 868 1294 899 parum
1318 858 1516 889 intellectum
1542 861 1574 889 ct
1597 857 1671 890 ideo
1694 859 1779 889 male
1803 859 1986 900 repetitum.

333 911 418 954 quod
442 913 524 943 iusto
549 911 702 943 audacius
719 922 791 943 esse
809 922 868 942 non
887 910 1060 942 contendet
1078 910 1130 952 qni
1149 910 1247 941 verba
1264 909 1355 950 XIV,
1379 912 1409 941 ΙΙ
1437 910 1491 941 ubi
1513 912 1651 941 castrum
1669 910 1814 950 Boqorra
1826 910 1986 953 quomodo

333 964 452 995 librarii
477 965 643 995 tractarint
667 965 743 995 satis
768 963 970 1005 expenderit.
1009 962 1096 998 111.7
1115 972 1186 993 eum
1211 962 1356 1004 plerique
1382 962 1456 993 boni
1479 962 1550 993 libri
1574 962 1716 994 habeant
1739 972 1848 994 veram
1872 962 1984 994 lectio-

332 1027 406 1047 nem
434 1015 578 1047 Venetam
603 1016 655 1047 vel
679 1017 782 1058 ipsam
806 1015 856 1046 vel
883 1015 912 1046 ei
937 1015 1131 1056 proximam.
1157 1014 1355 1056 exemplaria
1381 1025 1422 1045 ex
1446 1014 1589 1056 Spirensi
1613 1013 1774 1056 descripta
1798 1014 1914 1046 ciaemcti
1936 1014 1988 1046 vel

333 1067 436 1099 simile
461 1067 613 1110 quiddam
638 1072 750 1110 aperte
776 1073 959 1109 corruptum
984 1077 1024 1097 ex
1051 1066 1163 1098 nenati.
1194 1065 1372 1097 deteriores
1396 1067 1577 1108 complures
1601 1066 1743 1098 scribunt
1769 1065 1933 1098 (stantium
1955 1066 1990 1098 id

332 1122 377 1150 est
401 1119 549 1151 Venetam
578 1120 748 1162 iungentes
778 1124 960 1161 utrumque.
1016 1118 1163 1149 similiter
1186 1118 1367 1160 corruptela
1391 1118 1624 1149 Aurasicorum
1647 1118 1706 1158 XI,
1724 1120 1743 1147 1)
1766 1129 1823 1160 pro
1847 1118 1987 1150 Arausi-

334 1182 439 1203 rorum
465 1172 641 1203 communis
665 1176 714 1203 est
731 1171 934 1214 Spirensibus
958 1171 1046 1202 libris
1069 1181 1141 1201 eum
1164 1170 1376 1201 deterioribus
1400 1170 1507 1202 multis
1531 1173 1703 1213 potestque
1727 1171 1758 1202 iu
1782 1170 1840 1202 hos
1863 1170 1988 1202 venisse

334 1234 375 1254 ex
407 1223 548 1266 Spirensi
579 1225 648 1266 ipso
681 1225 789 1255 eiusve
818 1224 973 1265 gemello:
1006 1233 1079 1254 nam
1112 1233 1306 1264 quamquain
1330 1223 1413 1254 inter
1436 1223 1661 1254 laterculorum
1687 1223 1838 1265 exempla
1867 1223 1990 1265 reliqua

336 1275 454 1306 nullum
486 1280 534 1306 est
567 1287 608 1307 ex
639 1276 780 1318 spirensi
813 1276 932 1307 i'ainilia
959 1275 1026 1306 sola
1052 1274 1230 1305 derivatum
1255 1274 1400 1316 (Alpium
1431 1275 1515 1306 enim
1543 1275 1712 1306 Graiarum
1740 1275 1903 1317 provincia
1925 1274 1989 1316 pri·

336 1338 421 1359 mum
446 1328 550 1359 locum
576 1333 665 1359 tenet
690 1329 718 1359 in
737 1329 812 1359 solis
831 1327 1071 1369 exemplaribus
1092 1326 1223 1358 indubie
1241 1326 1471 1369 Spu-ensibus),
1495 1327 1572 1358 nihil
1589 1326 1733 1369 impedit,
1757 1327 1925 1369 quominus
1949 1335 1990 1358 ex

336 1379 493 1410 eiusmodi
517 1380 598 1411 libro
622 1381 729 1422 aliquo
753 1391 827 1422 pars
851 1385 1030 1412 nostrorum
1056 1378 1300 1410 emendationes
1325 1379 1468 1410 traxerit.

439 1439 685 1480 Additamento,
710 1451 792 1483 quae
817 1441 846 1472 in
873 1441 1014 1472 editione
1039 1441 1275 1482 separavimus,
1304 1439 1437 1471 duorum
1462 1450 1616 1482 generum
1642 1444 1727 1471 sunt:
1759 1443 1813 1471 aut
1837 1438 1989 1472 adscribi-

336 1501 385 1522 tur
409 1492 544 1523 civitatis
567 1503 684 1523 nomen
709 1492 885 1524 seeundum
910 1497 965 1524 aut
989 1492 1142 1535 oppidum
1166 1492 1302 1523 adicitur
1325 1492 1355 1523 in
1381 1492 1534 1523 laterculo
1559 1492 1720 1524 omissum.
1758 1492 1871 1535 prioris
1888 1501 1988 1534 gene-

336 1544 377 1574 ris
401 1543 621 1575 additamenta
647 1545 676 1575 in
702 1545 789 1576 libris
813 1545 1046 1587 antiquioribus
1070 1544 1155 1575 nude
1180 1545 1285 1576 solent
1308 1544 1462 1584 adscribi,
1494 1544 1524 1575 in
1548 1544 1779 1576 recentioribus
1802 1545 1990 1587 plerumque

337 1595 579 1627 inti-odueimtur
603 1597 739 1628 fornmla
769 1597 802 1627 id
823 1600 868 1628 est
892 1597 942 1628 vel
967 1597 1051 1636 quod
1073 1599 1127 1628 est.
1174 1600 1247 1628 sunt
1276 1600 1384 1628 autem
1409 1595 1525 1627 diversi
1553 1596 1707 1638 temporis
1735 1601 1767 1627 et
1793 1596 1990 1628 diversorum

335 1653 519 1679 auctorum.
551 1648 612 1679 alia
639 1659 672 1679 re
703 1649 838 1690 optima,
867 1649 1008 1679 maxime
1039 1659 1078 1680 ca
1103 1647 1142 1679 dc
1167 1648 1282 1690 quibus
1305 1659 1402 1691 supra
1425 1647 1492 1679 dixi
1514 1648 1644 1679 inventa
1666 1648 1730 1679 iam
1753 1649 1784 1680 in
1807 1648 1896 1680 libris
1919 1658 1990 1680 sae-

336 1701 397 1732 euli
422 1701 520 1731 sexti.
554 1700 615 1731 alia
642 1711 804 1742 perversa.
854 1701 900 1741 II,
921 1704 936 1731 1
964 1701 1049 1743 quod
1072 1701 1113 1732 ad
1137 1700 1292 1732 Ebroieos
1323 1701 1354 1732 in
1380 1701 1469 1732 libris
1492 1700 1614 1739 multis,
1648 1699 1706 1731 sed
1733 1710 1796 1731 non
1819 1700 1911 1731 bonis
1934 1698 1991 1731 ad-

339 1751 486 1783 scribitur
509 1752 736 1784 Alualicorum
760 1754 959 1795 (corruptum
990 1753 1020 1784 in
1044 1753 1276 1790 ‹tenattem-nm,
1306 1751 1536 1794 vinaticorum),
1566 1752 1654 1783 venit
1677 1752 1717 1783 ab
1743 1762 1781 1783 co
1806 1752 1858 1794 qui
1881 1750 1992 1783 Adua-

338 1805 432 1835 tieam
465 1803 649 1835 Eburonum
685 1804 822 1846 (Caesar
851 1805 880 1836 b.
899 1804 938 1836 G.
956 1808 986 1844 ⁴5,
1012 1805 1068 1845 32)
1096 1805 1219 1836 rettulit
1253 1804 1293 1835 ad
1322 1804 1468 1837 Evreux:
1504 1805 1580 1836 item
1613 1805 1665 1847 qui
1696 1803 1737 1835 ad
1767 1803 1993 1836 Elloronenses

340 1855 648 1898 Novempopulanae
678 1856 768 1896 xiv,
800 1859 850 1896 12,
880 1856 976 1888 hodie.
1006 1857 1140 1893 Oleron,
1174 1856 1343 1898 adscripsit
1373 1857 1406 1887 id
1433 1859 1478 1887 est
1504 1856 1622 1895 Elaia,
1656 1857 1739 1888 male
1771 1856 1923 1898 cogitavit
1953 1855 1992 1888 de

339 1907 458 1949 oppido
494 1919 532 1937 eo
564 1907 783 1940 Narbonensis
815 1909 948 1950 primae.
1001 1908 1233 1950 adscriptiones
1261 1908 1322 1939 liae
1356 1918 1468 1939 omncs
1496 1909 1610 1940 mirum
1641 1912 1792 1950 quantum
1824 1911 1992 1950 corruptae

338 1964 422 1990 sunt:
458 1960 501 1990 ita
533 1959 707 1991 lje-nariam·
736 1960 821 2002 quod
852 1971 923 1991 esse
953 1960 1065 1991 debuit
1095 1960 1186 1999 XIV,
1204 1964 1222 1992 S
1251 1961 1304 1991 vix
1332 1961 1363 1991 in
1392 1971 1455 1991 uno
1480 1961 1623 1991 alterove
1647 1960 1728 1991 libro
1752 1963 1839 1991 recte
1865 1959 1990 2002 legitur,

339 2017 521 2052 corruptum
554 2012 583 2042 in
615 2012 776 2054 plerisque
807 2013 836 2043 in
867 2013 1037 2044 Benaimcs
1069 2013 1118 2043 vel
1147 2012 1328 2048 J;e›mmus‚-
1361 2012 1509 2044 videntur
1536 2013 1681 2054 primitus
1712 2011 1892 2054 adscriptae
1924 2020 1993 2043 esse

339 2063 452 2094 litteris
476 2063 651 2094 minoribus
676 2068 708 2095 ct
731 2075 843 2106 parum
868 2065 1054 2107 perspicuis
1101 2064 1260 2106 quaedam
1285 2064 1368 2096 adeo
1392 2075 1505 2106 parum
1529 2065 1772 2106 intelleguntur,
1796 2067 1831 2095 ut
1855 2061 1994 2105 exempli

339 2116 441 2155 gratia
467 2116 525 2146 tria
542 2116 699 2147 vocabula
715 2117 826 2156 Aliud,
843 2117 960 2155 Adam,
982 2117 1113 2156 Caris'as
1128 2117 1289 2159 adscripta
1313 2117 1376 2156 III,
1394 2119 1412 2147 9
1437 2116 1479 2148 ad
1494 2116 1693 2148 Diablintum
1717 2115 1880 2158 oppidum,
1898 2114 1992 2146 hodie

340 2166 487 2198 Jublains
523 2168 578 2199 (ef.
611 2168 769 2210 Longnon
800 2169 899 2208 W‘Offl‘·
931 2169 968 2199 (Ie
1000 2168 1032 2199 Ια
1068 2168 1171 2200 Gaulo
1202 2179 1232 2210 p.
1256 2168 1342 2209 318).
1404 2168 1599 2200 Morinorum
1633 2169 1744 2199 civitas
1769 2167 1829 2208 VI,
1856 2170 1889 2199 11
1923 2176 1994 2199 cum

344 2218 508 2249 Ponticum
542 2219 666 2250 dicatur
697 2221 726 2251 in
759 2220 865 2252 multis
901 2220 1004 2253 libris.
1044 2221 1178 2251 fortasse
1210 2221 1263 2262 qui
1295 2220 1375 2251 haee
1407 2220 1525 2252 adiecit
1557 2219 1701 2251 adhibito
1730 2220 1800 2250 loeo
1831 2219 1868 2250 de
1896 2217 1995 2250 verbis

343 2270 476 2300 ‘r'rdliris
505 2271 593 2303 (vide
616 2272 695 2303 infra
720 2283 749 2314 p.
776 2271 864 2307 605),
894 2272 947 2303 ubi
972 2283 1060 2303 mare.
1084 2271 1185 2303 Gallis
1214 2271 1328 2303 dicitur
1352 2282 1423 2303 csse
1447 2283 1546 2310 more,
1576 2271 1768 2303 vocabulum
1792 2270 1834 2302 ad
1857 2270 1889 2302 id
1913 2269 1994 2302 veri-

341 2321 483 2364 loquium
524 2323 762 2365 ‹piodammodo
801 2324 971 2355 transtulit.
1003 2342 1043 2347 —
1076 2323 1232 2355 Adice-tae
1272 2324 1418 2355 civitates
1456 2328 1618 2364 castrave,
1656 2324 1681 2354 si
1716 2323 1870 2355 mittimus
1903 2321 1993 2354 addi-

342 2380 482 2405 tamenta
518 2374 547 2405 in
588 2376 649 2406 fine
688 2376 921 2418 provinciarum
954 2375 1013 2407 ΙΙΙ,
1048 2375 1121 2407 VII.
1158 2375 1249 2407 VIII.
1288 2375 1328 2407 X.
1362 2375 1445 2407 XIII
1483 2375 1614 2417 originis
1654 2375 1910 2415 recentissimae,
1946 2374 1993 2406 in-

343 2426 510 2457 veniuntur
543 2437 604 2458 non
641 2428 753 2459 multa:
788 2428 959 2459 Auli-imm
982 2427 1073 2469 1V,⁴
1103 2428 1217 2470 (male3
1251 2427 1323 2459 vide
1353 2438 1449 2470 supra
1483 2438 1513 2470 p.
1537 2426 1614 2469 556)
1640 2445 1678 2450 -—
1703 2427 1879 2458 Nivernum
1901 2425 1993 2467 IV,9

343 2496 382 2500 -—
407 2481 546 2509 cns-trum
571 2478 740 2511 Nomionis
764 2479 820 2520 IV,
841 2483 875 2512 10
905 2499 944 2503 —
978 2481 1172 2512 Lazulunum
1191 2480 1247 2520 Vl,
1270 2482 1304 2512 13
1331 2498 1370 2503 —
1404 2480 1629 2520 Carpentorate
1649 2478 1708 2519 XI,
1730 2481 1766 2510 10
1790 2497 1828 2502 —
1854 2481 1992 2510 castrum

343 2530 579 2562 lif-[salensium
604 2531 679 2564 XII.
697 2535 715 2562 1)
745 2533 799 2565 (ef.
818 2533 994 2575 Gregorius
1018 2533 1092 2564 Tur.
1116 2533 1187 2564 hist.
1204 2532 1317 2564 Franc.
1336 2535 1364 2572 ε’),
1383 2535 1401 2563 5
1425 2532 1466 2563 ad
1490 2543 1518 2563 a.
1537 2533 1613 2564 576:
1647 2531 1854 2563 Illomlericus
1950 2527 1994 2562 ad

344 2582 490 2620 Sinibra-li
513 2593 642 2622 rewaenm
663 2585 854 2623 pertransii!
877 2588 906 2616 cl
928 2585 1016 2625 apud
1039 2585 1245 2616 .-tri.s·ieen.‹xmn
1271 2586 1371 2616 vicum
1395 2585 1558 2625 episcopus
1582 2584 1772 2621 imtituitur,
1800 2583 1917 2615 habens
1937 2579 1993 2615 sub

343 2645 374 2662 nr
393 2633 469 2673 plia
489 2635 595 2665 »iliius
615 2635 765 2667 ‹Iiumwses
786 2637 973 2676 quindecim,
996 2648 1077 2677 (secas
1094 2638 1234 2676 prae'mum
1255 2637 1381 2677 quidem
1401 2637 1497 2668 Gothi
1513 2639 1688 2675 temwrant,
1712 2647 1798 2668 nunc
1821 2646 1889 2668 vero
1912 2631 1991 2667 Dal·

345 2686 462 2715 „nutius
489 2686 677 2718 lculi-masis
707 2688 868 2727 spiscopus
900 2689 1035 2730 iudicat)
1060 2707 1100 2711 -—-
1125 2688 1247 2729 Ayatlm
1274 2693 1305 2720 ct
1330 2688 1505 2728 Blaffltlona
1527 2688 1600 2729 XV,
1623 2692 1652 2720 5.
1674 2691 1703 2723 (5.
1755 2700 1794 2722 ea
1821 2699 1890 2733 ,quo
1914 2692 1993 2721 tem·
2038 2682 2040 2687 ’

346 2746 422 2779 pore
447 2739 654 2770 accesserint.
691 2751 730 2770 ex
764 2739 915 2771 librorum
945 2744 1053 2771 aetate
1082 2742 1148 2771 fere
1181 2739 1396 2772 definiendum
1429 2741 1503 2778 erit,
1539 2742 1592 2773 ubi
1625 2742 1758 2784 primum
1791 2745 1993 2785 comparent;

348 2790 500 2831 plo-mque
525 2801 634 2821 eoi-uin
659 2802 720 2822 non
747 2793 935 2834 perveniunt
961 2792 1001 2823 ad
1028 2798 1170 2834 tempora
1197 2792 1422 2824 dominationis
1447 2793 1622 2825 Romanae.
