2118 3122
245 205 300 233 15⁰
809 198 1046 226 s'OMl‘V'FA'l'lO
1067 199 1157 225 ANNI
1177 199 1322 226 (recem.

499 288 568 327 (42)
594 287 709 329 Magus
1427 285 1566 319 m.VIII

497 340 568 381 (44)
593 340 712 371 Darius
1429 348 1457 370 a.
1482 337 1631 369 XXXVI

498 392 568 433 (43)
592 392 723 424 Xerxes
1432 400 1461 422 a.
1484 389 1549 421 XX

498 444 569 485 (39)
593 445 815 475 Artarxarxes
839 442 1080 485 longibrachius
1432 453 1460 474 a.
1483 441 1563 474 XLI

497 497 568 538 (40)
593 497 816 528 Artarxerxes
841 496 924 527 alius
1427 505 1469 526 m.
1484 494 1517 525 II

498 549 567 589 (41)
593 549 777 591 Sogdianus
1427 545 1547 578 m.VII

498 601 566 640 (⁴5)
592 602 780 633 Artabanus
1430 609 1471 630 m.
1486 598 1551 629 VII

499 652 569 695 (46)
593 653 714 685 Darius
737 653 856 685 nothus
1430 661 1458 682 a.
1482 649 1618 682 XVIIII

497 705 568 746 (47)
593 706 814 737 Artax-xerxes
1429 713 1458 734 a.
1482 701 1578 733 XLII

498 758 568 799 (⁴48)
593 758 704 789 Ochus
1431 765 1459 787 a.
1484 753 1586 785 XXII

498 810 567 851 (49)
592 811 694 842 Arses
1432 817 1461 839 a.
1486 806 1556 838 1111

499 863 568 904 (50)
591 863 712 894 Darius
1432 869 1460 891 a.
1485 858 1534 890 VI

241 913 316 944 item
343 913 604 946 l'tolenmeorum
629 916 676 946 sio
701 915 769 947 sere
794 913 932 946 retentis
957 913 1033 944 item
1057 912 1184 944 traditis
1209 913 1370 944 numeris:

497 967 568 1008 (53)
592 967 784 999 Alexander
1433 973 1462 996 a.
1486 962 1553 994 XII

499 1020 569 1061 (54)
593 1020 804 1052 Ptolemaeus
829 1018 982 1060 antiquus
1432 1026 1460 1048 a.
1487 1015 1584 1047 XLII

595 1071 845 1114 [Philadelphus
868 1070 1003 1102 omissus
1433 1078 1462 1100 a.
1487 1066 1683 1110 XXXVIII]

499 1124 570 1165 (55)
595 1124 806 1156 Ptolemaeus
831 1123 1017 1164 Euergetes
1041 1122 1161 1164 (errore
1183 1119 1390 1164 Epiphanes)
1433 1131 1462 1152 a.
1486 1119 1602 1151 XXVI

499 1177 568 1217 (56)
593 1176 806 1208 Ptolemaeus
830 1175 1022 1217 Philopator
1434 1183 1463 1204 a.
1487 1171 1605 1203 XVIII

498 1230 567 1269 (57)
591 1229 799 1260 Ptolemaeus
823 1226 1014 1269 Epiphanes
1434 1235 1462 1257 a.
1486 1223 1552 1256 XX

500 1280 571 1321 (58)
596 1280 807 1312 Ptolemaeus
832 1279 1034 1310 Philometor
1058 1277 1174 1318 (solus)
1433 1287 1463 1309 a.
1486 1276 1535 1307 XI

498 1333 567 1374 (59)
593 1343 665 1364 cum
690 1332 789 1364 fratre
813 1331 984 1371 (Evam-gete
1008 1330 1061 1367 II)
1433 1339 1462 1362 a.
1486 1327 1620 1359 XXVII

500 1384 572 1426 (60)
596 1384 806 1416 Ptolemaeus
830 1383 957 1415 Fuscus
980 1386 1065 1423 (cum
1090 1381 1244 1421 Emtrglelc
1267 1380 1320 1418 II)
1433 1390 1463 1412 a..
1488 1379 1503 1411 I

499 1437 571 1478 (61)
596 1436 780 1478 Euergetes
803 1436 861 1477 (II
878 1435 978 1474 solus)
1431 1442 1460 1464 a.
1484 1431 1617 1463 XXVII

499 1489 569 1531 (62)
594 1489 805 1521 Ptolemaeus
829 1487 1020 1520 Alexander
1044 1487 1093 1528 (I)
1123 1491 1130 1528 1
1190 1511 1208 1528 ‚⁴
1257 1522 1262 1528 ¹
1433 1495 1463 1516 a.
1487 1483 1619 1515 XVIIII

499 1541 569 1581 (63)
593 1541 805 1572 Ptolemaeus
830 1540 926 1572 Soter
949 1540 1020 1579 (II)
1123 1529 1131 1572 i
1160 1512 1309 1552 (sumes)
1434 1547 1463 1568 a.
1487 1536 1623 1568 XVIIII

499 1592 569 1633 (64)
594 1592 784 1624 Alexander
806 1592 876 1633 (II)
1432 1599 1460 1620 a.
1486 1588 1622 1620 XVIIII

499 1645 568 1686 (65)
593 1645 801 1676 Ptolemaeus
825 1643 1000 1685 Dionysius
1433 1651 1462 1673 a.
1485 1640 1654 1672 XXVIIII

349 1697 441 1729 Haec
467 1697 488 1728 ii
514 1697 554 1728 ad
579 1708 659 1739 quos
685 1708 724 1729 ca
748 1708 800 1728 res
826 1696 966 1738 pertinet
989 1706 1063 1726 cum
1087 1693 1330 1732 examinabunt,
1355 1693 1522 1736 reperient
1543 1703 1607 1724 non
1625 1702 1731 1724 sorum
1748 1703 1901 1725 numeros

241 1751 374 1782 traditos
406 1751 577 1792 plerosque
609 1754 666 1781 aut
696 1750 840 1781 sinceros
869 1759 943 1780 esse
975 1751 1031 1779 aut
1061 1758 1081 1778 a
1109 1747 1243 1778 sinceris
1278 1756 1340 1777 non
1378 1755 1578 1788 magnopere
1613 1745 1805 1785 abhorrere,
1844 1744 1902 1777 sed

240 1803 339 1834 etiam
375 1802 493 1833 indicia
529 1803 559 1833 in
596 1802 645 1833 his
677 1813 750 1833 esse
781 1801 985 1833 auctoritatis
1018 1801 1115 1842 longe
1148 1799 1300 1842 optimae.
1352 1798 1398 1829 ita
1427 1797 1521 1830 adest
1551 1797 1782 1829 Philometoris
1815 1797 1900 1829 filius

241 1856 294 1897 qui
319 1865 390 1886 cum
415 1861 529 1897 patruo
554 1854 718 1895 Euergete
744 1853 773 1884 ΙΙ
801 1864 859 1895 per
883 1853 982 1884 breve
1007 1856 1135 1894 tempus
1159 1851 1331 1893 imperavit
1354 1850 1386 1881 in
1412 1850 1546 1892 reliquis
1570 1849 1736 1881 laterculis
1761 1849 1900 1881 omissus

242 1912 274 1937 et
305 1907 335 1937 in
366 1906 424 1937 hoe
454 1907 522 1938 solo
551 1905 638 1948 quod
667 1906 766 1937 seiam
790 1905 915 1936 Fuscus
944 1904 996 1936 vel
1027 1904 1136 1946 potius
1160 1903 1312 1944 Physcon
1342 1901 1537 1944 appellatus
1584 1912 1645 1933 nee
1674 1901 1778 1943 magis
1807 1901 1902 1934 deest

243 1958 431 1990 Alexander
463 1958 545 1989 alter
575 1959 653 1989 item
685 1957 824 1988 omissus
857 1957 887 1987 in
921 1956 1090 1988 laterculis
1123 1955 1271 1997 reliqui&
1303 1954 1360 1986 sed
1393 1964 1490 1996 quem
1521 1964 1580 1996 per
1602 1952 1806 1994 undeviginti
1830 1953 1900 1985 dies

244 2022 400 2052 regnasse
425 2016 554 2052 praeter
579 2010 665 2041 hunc
689 2009 883 2040 laterculum
908 2011 1070 2039 testantur
1086 2007 1259 2050 Appianus
1277 2006 1313 2047 (l.
1331 2017 1357 2039 c.
1378 2009 1404 2045 1,
1427 2006 1498 2046 102)
1523 2009 1556 2037 et
1572 2005 1773 2048 Porphyrius
1798 2005 1900 2048 (apud

244 2063 421 2094 Eusebium
447 2062 508 2094 vol.
529 2065 538 2092 1
569 2073 598 2104 p.
622 2064 679 2093 166
703 2061 754 2094 ed.
780 2059 1036 2102 Schoenianae).
