2118 3122
842 150 931 177 ANNI
952 151 1151 178 (ffcccxxvll.
1864 155 1921 184 173

278 237 351 269 dum
378 237 436 268 hoe
461 240 588 279 tempus
613 238 740 269 veniam
766 241 798 269 et
823 238 885 269 erit
908 238 1025 269 Sarrae
1051 239 1144 271 filius.
1191 243 1224 270 et
1248 250 1320 270 cum
1345 239 1491 270 audisset
1511 239 1608 270 Sarra
1633 250 1715 270 uxor
1734 239 1920 272 llahrahae.

277 289 356 320 risit.
403 292 435 319 ot
458 289 541 320 dixit
566 289 646 320 deus
670 289 709 320 ad
736 289 915 320 Abraham:
943 290 1011 321 risit
1035 301 1118 321 uxor
1142 294 1205 322 tua.
1253 295 1285 321 et
1309 292 1377 333 ipsa
1401 291 1499 322 dixit:
1526 302 1587 322 non
1620 292 1684 322 risi.
1731 292 1785 322 sed
1812 292 1921 324 risisti.

276 344 320 372 *et
343 341 419 383 quia
443 340 550 372 risisti*
576 343 645 380 (om.
666 341 734 381 (r'fl),
760 341 852 373 Isaac
877 342 938 373 erit
963 353 1077 373 nomen
1103 343 1181 378 eius,
1206 343 1236 374 id
1262 348 1312 374 est
1335 343 1499 384 gaudium.

151 403 174 426 (i
191 394 276 424 267².
295 393 346 424 hio
388 393 479 424 Isaac
521 393 633 424 hahuit
668 403 803 425 uxorem
839 394 966 424 nomine
1103 396 1224 427 7·2‹·›7¹¹.
1246 395 1336 426 Isaac
1361 395 1474 435 genuit
1491 395 1573 426 lilios
1597 394 1676 426 duos
1695 395 1791 430 Esau,
1817 394 1846 425 id
1872 398 1921 425 ost

277 444 476 481 Rebeccam,
510 445 608 476 filiam
645 444 778 480 Batuel,
815 448 965 487 nepotem
1227 446 1364 482 odivilis,
1390 446 1498 483 Iacob,
1524 446 1554 478 id
1579 451 1627 477 est
1651 446 1798 478 dilectus.

277 496 377 539 patris
407 496 470 528 sui:
501 507 541 527 ex
575 497 645 538 ipsa
673 497 741 528 nati
770 501 844 528 sunt
870 497 966 528 Iacob

276 551 307 578 et
333 547 426 580 Esau.
469 547 556 579 Esau
581 552 689 579 autem
713 548 966 590 interpraetatur

277 600 416 631 odibilis.

126 660 171 684 Tc}
187 651 258 683 268.
277 652 344 693 ipse
362 652 431 692 (om.
448 651 492 692 T)
513 651 600 682 Esau
618 651 731 682 habuit
747 651 853 691 (duxit
867 651 912 691 T)
933 662 1052 684 uxores
1071 652 1145 692 (-ris
1161 652 1204 692 (τ’)
1229 653 1383 694 quinque:
1414 653 1516 695 prima
1542 653 1632 685 ludin
1658 654 1754 685 filiam
1779 654 1859 693 (filia
1878 653 1922 692 T)

276 703 388 735 IIeber
419 703 564 742 Cetthei,
597 703 737 734 secunda
769 703 944 735 Basemath
976 706 1074 744 (-mat
1096 704 1141 745 T)
1177 704 1275 735 filiam
1306 705 1385 744 (tilia
1407 705 1452 745 T)
1483 705 1574 736 Elom
1607 705 1717 744 (helon
1742 705 1786 746 T)
1818 705 1921 737 Euhei

275 756 384 796 (euuei
403 755 459 795 Τ).

148 816 170 839 (Ι
187 807 258 839 269.
275 806 314 838 de
339 807 410 848 ipsa
435 810 528 838 natus
554 810 604 838 est
629 806 764 848 lssaguel,
795 807 848 849 qui
872 807 997 849 Raguel
1023 808 1135 840 habuit
1160 809 1243 840 filios
1270 808 1350 840 1111:
1385 809 1565 851 primitivus
1591 809 1729 841 Naehet.
1760 809 1921 841 secundus

276 859 407 897 Zareth,
433 859 508 901 quia
532 859 650 890 Zareth
675 859 787 900 genuit
811 859 884 897 Iob,
910 860 983 892 inde
1008 871 1080 891 eum
1106 861 1235 903 apparit
1260 872 1332 893 esse
1358 862 1504 903 quintum
1535 861 1576 892 ab
1602 861 1783 892 Abraham.
1808 862 1922 892 tertius

275 910 384 949 Some,
409 910 477 941 1111
502 910 631 942 Mozae:
657 910 700 942 hii
725 914 876 953 quattuor
900 912 943 943 fili
970 911 1057 943 Esau
1082 923 1123 944 ex
1149 912 1325 944 Basemath
1350 923 1450 944 uxore
1473 913 1535 944 alia
1558 913 1656 945 Esau.

126 970 171 995 Tc}
187 963 259 993 270.
277 963 371 994 tertia
396 962 494 994 Malel
519 963 698 1002 (malelelet
716 962 761 1003 T)
785 963 850 994 filia
874 963 1017 996 Ismahel
1043 965 1182 996 ‘sterelis
1206 964 1274 996 fuit'
1300 965 1372 1005 (om.
1392 964 1448 1005 Τ).

127 1022 170 1047 TG
188 1015 261 1045 271.
278 1018 392 1056 quarta
415 1014 488 1046 Ada
512 1015 576 1046 filia
600 1014 692 1045 Elem
718 1014 857 1047 Cetthei.

126 1074 170 1100 Tc}
187 1067 259 1098 272.
276 1068 327 1097 ‘ex
351 1066 422 1108 ipsa
445 1069 539 1097 natus
563 1065 621 1098 est*
648 1066 702 1107 (de
720 1065 782 1098 ada
798 1066 863 1097 filia
880 1067 964 1098 elom
982 1067 1101 1099 eetthei
1119 1068 1232 1109 genuit
1251 1068 1293 1109 Τ)
1318 1068 1421 1100 Elifas
1439 1068 1576 1110 (eliphas
1596 1068 1638 1108 Τ)
1662 1067 1922 1099 Themaneorum

275 1119 511 1157 (temaneorum
531 1118 574 1158 T)
599 1128 656 1150 rex
681 1118 752 1157 (om.
772 1118 827 1159 Τ).

125 1178 169 1203 TG
187 1171 259 1200 273.
278 1170 339 1201 ‘hic
364 1169 424 1202 est*
440 1172 512 1208 (om.
531 1170 574 1210 Τ)
592 1170 720 1201 Helifas
745 1170 884 1212 (eliphas
901 1173 1122 1202 temaneorum
1142 1171 1186 1211 Τ)
1211 1171 1275 1213 *qui
1292 1171 1416 1203 habuit·
1434 1172 1560 1213 (genuit
1578 1172 1622 1213 Τ)
1646 1172 1730 1203 filios
1748 1170 1788 1206 V,
1814 1170 1921 1213 primi-

274 1222 358 1253 tivus
382 1222 527 1253 Theman
553 1222 722 1263 (themar-is
742 1222 802 1263 Τ),
832 1222 993 1254 secundus
1019 1222 1120 1254 Omar
1143 1223 1267 1264 (omera
1286 1223 1346 1265 T),
1380 1224 1426 1255 lli
1453 1224 1548 1255 Sofar
1571 1224 1706 1266 (sophar
1724 1223 1768 1264 Τ)
1802 1222 1921 1253 Noma-

274 1273 387 1305 dorum
412 1273 581 1315 (nomades
602 1274 640 1305 T:
672 1274 724 1305 hic
750 1277 799 1306 est
824 1299 855 1306 ..
881 1299 886 1305 .
912 1275 1121 1306 nomadorum
1146 1285 1203 1307 om.
1224 1276 1290 1317 (⁷¹¹)
1317 1286 1373 1307 rex
1397 1278 1469 1315 (om.
1490 1276 1547 1313 T),
1576 1276 1645 1307 IIII
1671 1275 1822 1307 Gothomi
1853 1274 1922 1315 (go-

274 1325 361 1357 thom
387 1325 442 1364 Τ),
467 1326 497 1356 V
514 1326 621 1357 Zenez
647 1325 760 1366 (cenez
779 1326 842 1368 T):
875 1330 926 1358 ‘ex
951 1327 1013 1358 illis
1039 1328 1104 1359 nati
1131 1331 1206 1359 sunt
1230 1327 1342 1360 Cenei'
1367 1328 1423 1370 (ex
1448 1339 1510 1370 quo
1535 1328 1664 1360 cenezei
1684 1327 1740 1368 Τ).

147 1378 257 1409 (1274.
277 1377 316 1409 (le
342 1377 468 1420 Sophar
491 1382 523 1409 et
547 1377 654 1410 Cenez
679 1378 818 1410 Cenezei
844 1382 876 1410 et
900 1378 1000 1410 Cinci.

126 1437 170 1461 ΤΟ
188 1430 259 1460 275.
278 1429 499 1461 ‘concubinam
524 1433 631 1462 autem
657 1429 769 1461 habuit
792 1430 920 1462 IIelifas
954 1431 1038 1462 filius
1063 1430 1161 1463 Esau‘
1187 1432 1279 1473 (item
1309 1431 1348 1463 de
1379 1432 1559 1463 concubina
1579 1431 1624 1471 Τ)
1648 1431 1778 1462 nomine
1803 1430 1922 1461 Tham-

275 1491 332 1513 nas
350 1481 453 1523 (tham
473 1481 517 1523 Τ)
543 1492 684 1514 sororem
703 1483 800 1524 (quae
818 1483 879 1514 fuit
896 1493 984 1514 soror
1001 1483 1044 1524 Τ)
1062 1483 1187 1514 Lothan
1205 1483 1310 1525 (lotan
1327 1483 1370 1524 Τ)
1395 1484 1459 1514 filia
1485 1484 1558 1515 Seir
1574 1482 1683 1514 correi
1708 1482 1844 1525 (cetthei
1860 1481 1922 1522 T):

275 1533 324 1565 ‘de
350 1534 420 1575 ipsa
448 1537 543 1565 natus
568 1533 628 1565 est*
653 1535 780 1576 (genuit
803 1534 901 1565 filium
921 1534 965 1575 Τ)
989 1535 1164 1569 Amalech,
1198 1535 1362 1566 *adversus
1395 1546 1490 1576 quem
1525 1535 1618 1566 lesus
1647 1533 1841 1575 demigahat'
1867 1533 1922 1574 (ex

273 1595 335 1626 quo
359 1586 572 1617 amalechitae
597 1587 650 1628 qui
675 1590 903 1628 pugnaverunt
927 1590 1038 1618 contra
1061 1587 1142 1618 filios
1167 1587 1284 1618 israhel
1304 1587 1358 1628 Τ).

126 1637 360 1669 T(.'27G.·nam
385 1648 467 1669 uxor
491 1637 577 1669 Esau
613 1638 724 1679 quinta
758 1638 816 1670 fuit
843 1639 958 1670 Annae
993 1638 1098 1670 Euhei
1131 1639 1260 1671 nomine
1290 1638 1452 1670 Elibama'
1489 1639 1532 1681 (q.
1564 1639 1703 1670 elibema
1734 1638 1799 1670 filia
1828 1637 1922 1668 aunei

278 1689 373 1721 euuei
393 1689 448 1729 T).

125 1747 170 1772 Τι’]
187 1740 258 1771 277.
277 1747 328 1771 *ex
352 1741 422 1782 ipsa
446 1744 540 1772 natus
565 1740 624 1773 est*
649 1741 704 1783 (de
722 1742 861 1774 elibema
877 1743 991 1784 genuit
1014 1742 1095 1774 filios
1113 1746 1178 1774 tres
1196 1753 1225 1785 p.
1245 1742 1290 1784 Τ)
1315 1742 1409 1774 Iehul
1435 1743 1514 1783 (ieul
1534 1743 1578 1784 T)
1603 1747 1634 1774 et
1659 1744 1698 1783 (s.
1718 1743 1758 1782 T)
1784 1743 1923 1783 Iegloria

274 1791 404 1832 (ieclom
423 1792 469 1833 Τ)
494 1798 537 1825 *et
561 1792 717 1825 Chorrem
742 1793 866 1826 tertius⁴
892 1794 928 1835 (t.
953 1805 1076 1826 correm
1104 1794 1161 1836 Τ).

154 1844 262 1876 Τ278.
280 1844 350 1875 Ieul
373 1845 486 1886 genuit
509 1845 602 1878 Zara.

155 1896 261 1928 T279.
279 1896 363 1928 Zara
387 1897 497 1938 genuit
520 1896 632 1936 Iobab,
658 1897 689 1929 id
713 1901 763 1929 est
787 1898 856 1930 Iob.

150 1958 172 1981 (ι’
191 1949 262 1980 280.
287 1947 348 1980 hec
372 1953 423 1980 est
445 1959 526 1990 gens
551 1948 639 1980 Esau
664 1950 695 1980 in
719 1949 867 1981 tribubus
893 1951 961 1981 suis
986 1950 1161 1982 seeundum
1187 1951 1321 1982 verbum
1347 1951 1499 1993 ipsorum.

128 2007 173 2033 ΤΟ
189 2000 260 2031 281.
286 2003 319 2031 et
342 2000 386 2031 hii
410 2010 504 2042 reges
529 2001 608 2042 (-gis
627 2000 670 2042 (ν’)
695 2002 748 2043 qui
772 2007 992 2043 regnaverunt
1016 2003 1046 2033 in
1072 2002 1187 2034 Edem.
1211 2006 1567 2044 antequam·1·egnaret
1592 2013 1649 2032 rex
1675 2001 1717 2033 in*
1735 2003 1923 2043 (regnarent

277 2051 333 2083 filii
352 2052 397 2091 T)
423 2052 558 2084 Israhel.

123 2104 259 2136 GTQSJ
277 2103 458 2134 Primitivus
487 2105 559 2146 (om.
587 2104 631 2144 T)
661 2103 780 2136 Balaae
807 2105 915 2147 (halae
946 2106 989 2147 T)
1025 2107 1105 2137 filius
1137 2106 1262 2148 sophor
1291 2106 1384 2147 (beor
1408 2106 1451 2146 T)
1481 2110 1513 2136 et
1541 2116 1656 2137 nomen
1686 2106 1822 2137 civitatis
1857 2107 1923 2137 eius

276 2155 445 2187 Demnaba
470 2155 642 2195 (demneha
664 2157 723 2198 T):
748 2158 816 2199 ipse
842 2162 901 2189 *est
918 2158 1036 2189 Balaae
1054 2158 1116 2200 qui'
1143 2160 1213 2200 (om.
1230 2159 1273 2198 T)
1298 2159 1381 2189 misit
1406 2157 1446 2188 ad
1463 2158 1596 2188 Balaam
1614 2158 1735 2200 (balam
1755 2158 1800 2200 T)
1826 2158 1921 2189 fllium

277 2206 362 2238 Beer
386 2208 517 2249 (sophor
539 2208 589 2240 T¹.
619 2209 760 2250 sepphor
778 2209 850 2251 ΤΞ),
882 2216 916 2241 ut
948 2211 1111 2252 ·populum
1136 2209 1354 2241 malediceret·
1380 2209 1603 2251 (malediceret
1627 2210 1708 2240 filios
1732 2210 1848 2240 israhel
1869 2210 1922 2242 Τ).

125 2260 430 2291 (1'T2ssslstmortuus
459 2264 566 2290 autem
591 2260 710 2292 Balaac.
741 2266 772 2292 et
796 2262 941 2302 regnavit
968 2273 1025 2303 pr«)
1057 2272 1095 2292 eo
1119 2262 1201 2295 Ibat,
1233 2262 1284 2303 qui
1315 2261 1373 2292 ost·
1407 2267 1493 2303 (post
1517 2261 1599 2292 hunc
1624 2262 1769 2303 regnavit
1788 2262 1831 2301 T)
1865 2262 1922 2292 lob

278 2311 471 2352 patriarcha:
497 2311 624 2353 quando
649 2313 743 2343 *enim
768 2313 904 2355 populus
928 2313 958 2343 in
983 2313 1113 2344 heremo
1140 2313 1252 2344 fuerat'
1279 2314 1419 2355 (filerunt
1443 2313 1496 2344 filii
1521 2313 1636 2344 israhel
1662 2314 1691 2344 iu
1716 2313 1846 2344 heremo
1868 2314 1922 2350 Τ).

279 2366 363 2393 'tunc
388 2362 444 2393 1011
469 2363 499 2393 in
525 2368 642 2394 terram
667 2363 769 2394 Edoni
795 2364 961 2405 regnabat*
988 2371 1058 2406 (om.
1079 2365 1133 2400 T).

125 2422 177 2447 GT
191 2415 261 2444 QS-l.
280 2420 432 2445 ·mortuus
450 2419 498 2445 est
515 2419 621 2445 autem
641 2415 697 2445 1011
722 2419 753 2446 et
770 2416 916 2457 regnavit
932 2427 989 2458 pro
1008 2415 1056 2446 ου’
1083 2423 1155 2458 (pos
1173 2417 1254 2448 hune
1272 2417 1416 2458 regnavit
1436 2417 1478 2450 Τ)
1504 2417 1587 2448 Aser
1604 2416 1643 2447 de
1662 2421 1745 2447 terra
1763 2417 1922 2447 Theman:

279 2474 362 2497 'tunc-
387 2467 470 2497 enim
495 2471 636 2498 mortuus
661 2473 724 2499 est.
757 2467 884 2509 quando
913 2467 963 2498 dei
988 2468 1124 2510 populus
1154 2469 1193 2499 ab
1224 2468 1296 2500 Iesu
1321 2468 1431 2499 Navae
1460 2473 1562 2499 sortes
1592 2468 1694 2499 fuerat
1724 2467 1922 2499 consecutus*

279 2518 300 2559 (·
316 2517 323 2524 ”
347 2528 404 2549 om.
425 2518 480 2559 T).

126 2571 261 2602 GTQSS.
279 2575 431 2601 'mortuus
448 2575 555 2601 autem
573 2570 656 2601 Aser
680 2576 711 2601 et
735 2572 881 2612 regnavit
905 2582 962 2613 pro
987 2571 1035 2601 ου’
1062 2571 1192 2611 (deinde
1210 2573 1355 2613 regnavit
1377 2572 1420 2608 T)
1446 2573 1532 2603 Arax
1551 2571 1650 2614 (adad
1669 2571 1714 2604 Τ)
1739 2571 1820 2602 filius
1837 2571 1922 2602 Vare

278 2622 389 2663 (baras-
410 2622 465 2662 T).
492 2623 543 2663 qui
566 2622 680 2653 oceidit
698 2623 831 2654 Muciam
849 2623 987 2664 (mazian
1007 2623 1050 2663 T)
1076 2623 1105 2654 in
1124 2634 1236 2665 eampo
1255 2624 1364 2655 Moab:
1391 2635 1463 2665 'quo
1481 2623 1575 2654 modo
1593 2624 1683 2654 labin
1701 2623 1729 2653 in
1749 2628 1921 2654 torrentem

175 2734 279 2758 ordinat
302 2735 350 2758 sic.-
376 2733 433 2758 2⁰58.
458 2734 517 2759 270.
540 2733 599 2758 271.
623 2733 681 2759 27⁴³.
706 2733 765 2759 27⁴2.
789 2733 933 2759 277—279.
958 2734 1015 2760 2223.
1039 2734 1096 2759 215.
1116 2735 1188 2760 2910.
1208 2735 1266 2761 2392.
1286 2735 1359 2761 29:3¹2
1379 2735 1522 2760 ’.ΗΜ-297.
1541 2735 1599 2759 295).
1619 2734 1763 2759 301—304.
1786 2735 1844 2759 300.
1864 2735 1922 2759 305.

74 2773 232 2800 281—22¹1¹·.
252 2777 317 2801 :250322
342 2778 368 2802 T.
