2118 3122
251 730 410 772 Prospero
428 729 646 761 chronieorum
665 729 777 760 borum
802 729 923 760 auctori
948 728 1170 760 secundarium
1195 739 1311 760 nomen
1329 729 1470 760 tribuunt
1494 729 1523 759 in
1546 729 1621 770 ipsis
1644 728 1800 759 chronicis

147 782 219 814 libri
248 782 310 813 duo
341 782 393 824 qui
423 782 646 813 auctoritatem
677 781 810 820 faciunt,
850 781 970 811 scilieet
999 781 1228 815 Bruxellensis,
1257 780 1348 812 nobis
1375 780 1412 815 C.
1446 781 1499 812 ubi
1524 781 1638 811 dicitur
1664 780 1799 819 Prosper

151 834 235 871 Tiro,
259 839 291 866 et
315 833 502 876 apographa
526 833 588 864 duo
612 833 897 864 Reiehenaviensis
922 832 1080 875 deperditi
1105 833 1196 864 nobis
1223 832 1266 870 R,
1297 833 1325 863 in
1351 833 1465 875 quibus
1490 838 1537 863 est
1562 833 1636 864 Tira
1655 832 1799 871 Prosper,

148 890 180 918 et
203 886 261 918 sub
286 886 402 918 eodem
429 885 546 928 duplici
570 885 760 926 cognomine
786 884 934 924 Prospere·
958 885 1085 916 Tironis
1107 884 1199 915 Beda
1223 885 1253 915 in
1278 884 1357 915 libro
1383 884 1422 915 de
1447 889 1515 915 arte
1541 885 1674 915 metrica
1697 883 1798 926 (apud

147 938 288 970 Keilium
319 948 453 980 gramm.
483 937 554 968 Lat.
580 939 596 967 7
632 947 662 978 p.
689 936 765 970 257)
799 937 875 967 citat
906 947 1034 967 carmen
1069 936 1326 967 anacreonticum
1359 935 1400 966 ad
1431 936 1599 977 coniugem
1633 937 1699 967 sive
1733 936 1800 966 iure

149 991 216 1022 sive
240 989 353 1021 iniuria
375 989 536 1030 Prospero
561 987 756 1030 adscriptum
781 987 870 1030 (opp.
895 998 924 1029 p.
942 989 1002 1018 773
1032 987 1082 1019 cd.
1108 987 1207 1019 Paris.
1232 998 1260 1019 a.
1285 988 1393 1029 1711);
1426 988 1620 1029 reliquorum
1650 988 1801 1018 librorum

149 1042 190 1073 ab
214 1051 252 1073 eo
276 1041 464 1083 scriptorum
488 1050 560 1071 cum
583 1040 664 1070 iusta
689 1040 874 1070 recensione
905 1049 1086 1074 careamus,
1114 1039 1371 1081 inscriptionibus
1400 1049 1482 1080 quae
1514 1040 1559 1069 eis
1583 1040 1803 1081 praefiguntur

149 1103 213 1125 non
236 1093 451 1124 immoramur.
490 1091 616 1122 videtur
639 1091 735 1132 igitur
758 1102 820 1122 non
846 1094 968 1122 temere
985 1091 1111 1122 Tironis
1135 1101 1251 1122 nomen
1277 1091 1306 1121 ei
1323 1090 1428 1129 tribui,
1454 1101 1646 1133 quamquam
1665 1091 1717 1133 qui
1736 1091 1804 1122 eius

149 1145 362 1176 meminerunt
391 1147 539 1175 auctores
567 1147 632 1174 tam
661 1144 814 1185 aequales
844 1154 939 1185 quam
963 1143 1158 1185 posteriores
1181 1142 1212 1174 id
1237 1143 1385 1184 ignorant
1414 1152 1519 1184 neque
1553 1143 1653 1184 quinti
1685 1143 1804 1174 saeculi

150 1195 371 1228 consuetudini
394 1195 426 1226 id
449 1196 526 1226 satis
549 1194 733 1237 respondet.
780 1206 852 1226 nam
877 1195 1022 1237 exceptis
1046 1195 1249 1226 nobilissimis
1274 1195 1451 1236 quibusque
1476 1195 1667 1226 hominibus.
1693 1195 1804 1236 quales

150 1252 223 1279 sunt:
250 1247 401 1279 Placidus
430 1247 690 1282 Valentinianus,
722 1246 937 1278 Nicomachus
965 1246 1152 1286 Flavianus,
1184 1246 1322 1277 Faustus
1352 1246 1499 1285 Glabrio,
1538 1246 1596 1277 hac
1627 1250 1734 1277 aetate
1763 1246 1804 1277 ad

150 1310 267 1331 nomen
283 1299 491 1341 gentilicium,
516 1298 602 1340 quod
626 1303 657 1330 et
681 1299 784 1341 ipsum
808 1299 957 1338 rarescit,
982 1309 1162 1340 cognomen
1187 1298 1307 1340 duplex
1336 1309 1400 1329 non
1431 1298 1513 1329 solet
1540 1298 1680 1339 adiungi.
1727 1309 1804 1329 sane

150 1355 280 1394 praeter
309 1361 488 1392 cognomen
516 1351 606 1392 signo
638 1351 728 1381 multi
758 1351 806 1381 usi
837 1361 906 1382 esse
939 1351 1155 1389 inveniuntur,
1187 1353 1219 1381 et
1243 1349 1330 1381 haud
1353 1350 1416 1381 scio
1440 1360 1479 1381 an
1504 1349 1535 1380 id
1560 1351 1590 1381 in
1608 1350 1803 1392 Prosperum

152 1413 279 1445 quoque
308 1402 412 1433 cadat.
459 1412 532 1433 nam
568 1402 621 1444 qui
655 1413 735 1433 unus
767 1402 871 1433 locum
907 1402 1067 1444 quendam
1104 1413 1146 1433 cx
1176 1402 1331 1433 chronicis
1360 1402 1447 1433 hisee
1482 1401 1523 1432 ad
1547 1402 1679 1433 verbum
1711 1402 1805 1432 affert

150 1454 322 1486 Liberatus
359 1458 470 1485 auctor
498 1453 668 1485 Africanus
703 1454 775 1485 aevi
800 1454 983 1494 Iustiniani,
1018 1455 1139 1486 scilicet
1170 1454 1276 1496 capita
1318 1455 1405 1485 1296.
1437 1455 1524 1489 1297,
1561 1454 1605 1485 sic
1641 1464 1680 1484 ea
1715 1454 1804 1484 citat:

151 1507 187 1538 in
214 1507 348 1546 epitoma
378 1505 597 1537 chronic-‘mem
625 1505 800 1536 Luccntius
827 1505 883 1537 hoc
910 1506 1003 1546 ponit
1031 1508 1060 1536 ct
1083 1506 1175 1543 ‹lin-it,
1204 1505 1258 1536 ubi
1287 1516 1359 1536 cum
1387 1504 1519 1536 dubium
1549 1515 1611 1536 non
1640 1506 1680 1536 sit
1707 1505 1804 1536 Pros-

151 1569 263 1601 perum
295 1558 398 1600 ipsum
428 1557 565 1592 laudari,
598 1558 768 1589 verisimile
806 1561 856 1589 cst
888 1568 961 1589 eum
995 1560 1125 1599 praeter
1159 1567 1338 1598 cognomen
1370 1557 1461 1598 signo
1497 1567 1625 1599 quoque
1659 1557 1805 1588 Lucentii

154 1610 352 1652 appellatum
376 1620 456 1641 esse.
470 1609 494 1650 ¹)
518 1627 558 1631 —
582 1609 683 1640 Homo
706 1609 921 1648 Aquitanicae
944 1609 1078 1648 reyionis
1107 1608 1222 1639 dicitur
1251 1619 1270 1639 a
1293 1608 1462 1639 Gennadio
1495 1608 1685 1639 Massiliensi
1715 1619 1740 1639 c.
1766 1610 1805 1639 85

152 1662 248 1703 (infra
277 1673 308 1704 p.
333 1661 409 1701 346)
443 1660 643 1702 eandemque
678 1661 834 1701 originem
868 1659 1008 1691 indicant
1043 1670 1114 1691 cum
1148 1659 1285 1701 epistula
1319 1659 1360 1690 ad
1391 1660 1606 1701 Augustinum
1639 1670 1716 1691 mox
1748 1659 1804 1690 ad-

152 1712 292 1755 leganda
320 1716 385 1744 tum
416 1713 486 1754 ipsa
516 1712 666 1743 chronica
695 1711 736 1742 ad
760 1712 900 1743 Gallicas
929 1722 980 1743 res
1008 1711 1198 1754 praesertim
1229 1711 1445 1747 attendentia;
1478 1712 1641 1743 cuiusnam
1671 1711 1806 1743 civitatis

158 1764 263 1804 tuerit,
287 1764 460 1805 ignoratur.

258 1815 524 1857 Antiquissimum
549 1814 634 1857 quod
659 1814 699 1846 de
724 1826 762 1846 eo
787 1820 934 1857 superest
958 1815 1176 1846 testimonium
1199 1815 1380 1846 continetur
1403 1815 1547 1857 epistulis
1570 1815 1693 1846 duabus
1711 1815 1809 1857 (inter

156 1867 408 1910 Augustinianas
426 1877 455 1898 n.
475 1868 545 1897 225.
564 1868 639 1908 226)
664 1866 747 1898 datis
772 1867 812 1898 ad
828 1867 1044 1909 Augustinum
1067 1867 1221 1909 proximis
1245 1870 1318 1897 ante
1343 1867 1464 1898 obitum
1489 1868 1556 1898 eius
1573 1868 1662 1898 annis
1679 1869 1713 1908 (ἢ
1731 1867 1808 1908 430)

155 1918 196 1950 ab
220 1919 288 1960 ipso
313 1918 472 1960 Prospero
497 1919 608 1956 altera,
633 1919 734 1950 altera
758 1919 798 1950 ab
822 1918 945 1950 Hilario
971 1919 1123 1961 episcopo
1147 1918 1331 1949 Arelatensi
1356 1918 1396 1949 de
1420 1922 1508 1949 secta
1532 1918 1657 1960 Pelagii
1681 1923 1808 1949 contro-

156 1971 331 2012 versiisque
361 1970 400 2001 de
431 1970 534 2012 gratia
563 1969 615 2001 dei
640 1974 672 2001 et
696 1971 797 2002 libero
821 1971 958 2002 hominis
984 1971 1114 2002 arbitrio
1139 1970 1301 2001 Massiliae
1325 1971 1525 2012 potissimum
1549 1981 1607 2012 per
1631 1980 1686 2001 eos
1710 1980 1809 2000 annos

159 2022 329 2064 agitatis.²)
375 2021 572 2064 respondens
595 2022 794 2064 Augustinus
818 2022 919 2054 edidit
941 2023 1039 2054 libros
1064 2022 1143 2053 duos
1168 2022 1218 2053 ‘de
1242 2021 1536 2064 praedestinatione
1561 2025 1743 2053 sanctorum
1768 2021 1809 2052 ad

261 2134 286 2165 l)
306 2134 392 2159 Editor
413 2134 522 2159 Liberati
540 2135 688 2160 Gai-niorius
711 2135 778 2167 quod
803 2138 903 2167 propter
928 2135 996 2160 ltuuc
1020 2135 1104 2160 locutu
1128 2135 1305 2160 chronicorum
1325 2139 1421 2167 partem
1442 2136 1603 2167 posteriorem
1622 2136 1746 2167 Prospero
1766 2135 1811 2160 ab·

158 2177 262 2207 iudicat,
282 2182 349 2202 reete
368 2177 471 2201 omnino
490 2177 575 2202 reiecit
594 2178 732 2202 'Fillenwnt
749 2178 832 2208 (mem.
845 2178 905 2203 cccl.
920 2177 959 2210 16,
970 2177 1044 2209 ῗ33);
1064 2179 1107 2203 sed
1125 2179 1192 2210 quod
1207 2179 1260 2210 ipse
1273 2178 1365 2203 conicit
1379 2178 1492 2210 intellegi
1505 2179 1696 2211 compilatorem
1711 2178 1809 2203 chroni-

157 2228 244 2245 corum
264 2221 488 2252 l'rosperianorum
506 2224 636 2252 practerea
654 2221 778 2252 ignotum,
799 2229 849 2246 non
868 2222 950 2253 magis
970 2222 1069 2254 probari
1089 2226 1181 2254 potesty
1200 2230 1258 2246 cum
1278 2222 1424 2253 praesertim
1445 2222 1560 2254 l’rosperi
1579 2222 1698 2246 chronica
1714 2227 1737 2246 et
1758 2222 1811 2254 ipsa

158 2263 279 2295 inscripta
298 2263 391 2288 fuerint
410 2264 528 2296 epitoma.
565 2264 704 2288 Lucentius
720 2264 853 2297 episeopus
873 2264 1039 2289 Aeclanensis
1058 2264 1098 2294 (eo
1117 2265 1184 2289 enim
1203 2265 1301 2289 ducunt
1319 2265 1477 2297 corruptelae
1491 2265 1614 2289 librorum
1634 2265 1728 2289 relatae
1743 2265 1811 2296 apud

158 2306 350 2331 Tillemontium
377 2306 393 2330 Ι.
412 2315 434 2331 c.
462 2306 504 2338 15,
524 2306 586 2336 912)
614 2315 629 2331 a
647 2308 732 2332 Leone
759 2308 875 2340 episcopo
900 2309 1013 2332 Romano
1041 2308 1132 2332 missus
1157 2316 1179 2332 a.
1198 2306 1246 2332 451
1266 2316 1325 2332 cum
1345 2307 1482 2332 l’aseliasio
1501 2308 1533 2332 ad
1552 2308 1688 2332 concilium
1708 2307 1811 2331 (fulcbe-

159 2349 270 2374 donensc
289 2349 437 2380 (Tillemont
455 2349 471 2374 l.
490 2358 512 2374 c.
533 2348 572 2379 15,
591 2348 652 2380 619>
676 2350 738 2375 nihil
758 2350 863 2383 impedit
886 2351 1021 2382 quominus
1048 2351 1124 2375 suerit
1141 2356 1229 2375 auctor
1251 2351 1442 2382 chronicorum,
1468 2351 1511 2383 qui
1530 2359 1561 2375 ex
1581 2351 1760 2383 presbyteratu
1779 2350 1812 2374 ad

159 2393 333 2425 episcopatum
351 2393 425 2417 evehi
445 2392 527 2425 potuit
546 2399 571 2417 et
589 2393 662 2425 siguo
681 2394 762 2426 magis
781 2394 818 2418 uti
837 2402 913 2426 quam
933 2394 1096 2426 cognomine:
1115 2394 1159 2418 scd
1179 2394 1204 2418 in
1223 2402 1249 2418 re
1268 2394 1364 2419 incerta
1383 2395 1417 2418 ab
1429 2402 1458 2418 ea
1472 2394 1617 2418 coniectura
1632 2394 1811 2418 abstinuimus.

158 2434 185 2466 2)
204 2436 276 2460 Duae
299 2436 347 2460 bae
370 2436 493 2468 epistulae
515 2440 600 2468 aperte
625 2445 736 2461 conexae
755 2441 828 2468 suut,
859 2446 918 2461 cum
937 2438 1044 2470 Prosper
1068 2437 1162 2461 scribat
1190 2437 1316 2462 Hilarium
1339 2438 1514 2462 Arelatensem
1539 2437 1634 2469 Pelagii
1662 2440 1811 2461 set-tiatorem

159 2483 184 2504 ot
203 2479 294 2511 ipsum,
313 2479 356 2504 sed
375 2479 454 2503 nihilo
473 2479 560 2503 miuus
574 2480 712 2512 Augustini
731 2480 908 2505 admiratorem
929 2480 994 2505 velle
1014 2489 1072 2505 eum
1091 2480 1121 2505 dc
1139 2481 1179 2504 his
1197 2481 1391 2512 quaestionibus
1410 2480 1578 2512 interpellare,
1596 2480 1711 2504 llilarius
1725 2485 1808 2503 autem

161 2522 243 2554 egisse
261 2530 288 2547 se
307 2530 362 2546 cum
381 2522 434 2546 viru
454 2526 505 2545 tum
522 2522 631 2546 moribus
649 2527 701 2546 {mn
714 2523 805 2547 studiis
823 2523 904 2553 claro,
923 2528 950 2548 ut
969 2532 1024 2548 eain
1038 2524 1215 2555 quaestionem
1227 2524 1372 2555 Augustino
1385 2524 1543 2548 tractandam
1558 2528 1705 2555 proponeret
1720 2522 1810 2546 litteris

162 2564 232 2589 hisce
250 2565 303 2589 suis
324 2565 468 2597 iungendis,
488 2565 640 2597 l’rosperum
660 2574 711 2590 non
730 2566 872 2597 nominans,
892 2566 936 2591 sed
954 2566 1112 2598 significans:
1132 2566 1208 2591 etiam
1228 2567 1327 2591 Leontii
1345 2567 1445 2591 diaconi
1466 2571 1573 2598 utruque
1592 2565 1699 2597 epistula
1719 2565 1813 2597 pariter

162 2607 283 2632 meminit.
320 2607 428 2638 denique
447 2607 561 2632 Hilarius
579 2608 751 2634 dubitationes
781 2618 842 2634 suas
865 2618 916 2634 non
939 2610 1038 2637 reticet,
1061 2617 1215 2641 quamquam
1240 2610 1363 2634 urbanius
1391 2611 1495 2634 sortasse
1519 2617 1596 2640 quam
1616 2608 1701 2632 verius
1721 2608 1812 2631 tiniens

164 2656 242 2683 negat
261 2660 288 2676 se
308 2652 342 2676 ita
360 2651 424 2676 llaec
442 2652 553 2676 scribere
571 2653 644 2684 quasi
663 2653 789 2677 dubitaret
808 2653 838 2677 de
863 2653 894 2677 iis
916 2661 981 2684 quae
1000 2653 1162 2684 Augustinus
1187 2661 1255 2677 nuuc
1279 2653 1404 2677 edidisset.
1441 2658 1552 2677 ceterum
1575 2651 1686 2675 Hilarius
1710 2659 1769 2675 eum
1788 2658 1815 2674 se

163 2694 256 2720 laicum
275 2695 354 2725 dicat,
379 2695 479 2728 scripsit
497 2699 635 2726 antequam
657 2696 791 2727 episcopus
809 2696 966 2720 Arelatensis
986 2696 1067 2720 suctus
1086 2699 1135 2726 est,
1164 2696 1270 2727 I'rosper
1295 2700 1350 2727 post
1368 2704 1426 2720 euin
1445 2700 1572 2725 erratum,
1593 2702 1658 2725 quae
1677 2693 1815 2717 nominatio

164 2739 248 2763 evenit
267 2739 333 2763 cirea
351 2747 374 2763 a.
394 2737 452 2767 4⁵29,
477 2738 652 2769 cogitavitque
670 2739 701 2763 de
720 2747 749 2763 ea
767 2739 822 2770 ipsa
844 2739 951 2771 Prosper
971 2739 1032 2763 baec
1055 2739 1168 2762 scribens
1187 2738 1217 2762 de
1241 2739 1393 2763 adversariis
1417 2738 1570 2769 l’elagianae
1594 2742 1677 2761 sectae
1695 2736 1815 2760 addictis:

164 2781 281 2806 ‘multum
300 2789 346 2805 nos
365 2786 388 2806 et
409 2781 476 2805 vitae
498 2781 594 2806 meritis
611 2782 767 2806 antecellunt
786 2786 809 2806 et
829 2782 908 2813 aliqui
927 2790 1014 2806 eorum
1033 2781 1123 2813 adepto
1143 2789 1223 2813 nuper
1241 2790 1340 2805 sunnno
1354 2781 1486 2806 sacerdotii
1501 2781 1594 2804 honore
1608 2779 1815 2811 supi-reiniitmnt'.

1559 2825 1608 2851 44³*
