2118 3122
239 2476 271 2498 .l'

283 151 344 180 355
942 145 1117 172 PROSPERI
1138 145 1286 172 'l‘ntONlS

283 236 430 266 chroniea
457 234 709 275 llieronyiniana
735 234 886 275 inscripta
911 233 972 263 sic:
1005 233 1039 263 ιἰι
1061 232 1117 263 hoc
1141 243 1266 273 corpore
1289 233 1490 264 confirmatur
1512 233 1660 264 chronica
1683 233 1816 265 Etaescbii
1832 232 1943 265 Hiero-

284 288 362 318 m‘mi
393 290 421 316 1!
455 286 609 325 l'rnspcri.
666 285 781 316 adsunt
813 285 1033 327 praefationes
1065 284 1148 316 (luae.
1180 289 1212 316 et
1243 285 1329 327 quod
1359 296 1430 316 raro
1459 286 1618 328 reperitur
1643 286 1674 317 in
1702 285 1790 317 libris
1819 286 1944 328 scriptis

284 339 450 370 exordium
477 339 639 374 «St-hocne
664 348 736 379 app.
762 348 792 379 p.
811 339 850 368 -13
865 337 962 379 seq).
995 338 1024 368 in
1049 337 1097 368 his
1129 338 1216 369 loeus
1240 343 1408 380 praeterea
1434 339 1465 369 in
1489 339 1557 369 solo
1588 338 1722 369 fortasse
1746 337 1943 370 Freheriano

283 391 364 422 libro
389 399 533 422 serratas
557 401 587 432 p.
614 393 655 421 11,
673 392 710 420 3-1
737 392 765 420 ct
787 389 908 428 siu-lum
933 392 978 420 cs!
1001 394 1033 420 et
1057 400 1140 431 quac
1165 394 1351 432 sequuntur.
1376 390 1433 422 sed
1457 391 1668 432 quaternione
1693 390 1809 421 amisso
1829 389 1945 422 desunt

283 452 314 473 et
340 451 486 474 extrema
517 453 590 484 pars
619 440 743 471 exordii
774 445 846 482 post
869 451 899 482 p.
920 443 969 473 15.
990 442 1022 471 17
1051 451 1141 480 quem
1171 442 1284 472 oceidit
1312 442 1400 482 Cnsm
1428 446 1460 473 et
1493 442 1682 484 principium
1712 441 1943 482 chronieorum,

283 507 365 537 quae
391 496 452 526 iani
478 494 630 536 incipiant
660 504 688 524 a.
713 492 792 524 Ahr.
823 495 878 523 163
904 493 992 525 verb.
1017 492 1209 524 Sic-inieram
1235 493 1427 525 XXXIIII.
1471 497 1543 536 post
1572 493 1721 525 chronica
1743 493 1944 536 Hieronymi,

283 559 365 589 qnae
384 548 493 578 tiniant
519 548 538 577 t.
557 549 610 577 1;”ι-1
630 546 660 576 ἰιι
677 545 839 584 sepullum
857 556 978 584 quoquc
993 546 1107 583 caruil,
1132 549 1308 587 sequuntur
1324 547 1343 577 t'.
1368 549 1422 577 154
1436 566 1462 569 —-
1481 548 1534 577 161
1555 556 1637 588 quae
1655 545 1796 588 Prosper
1811 545 1944 586 addidit,

284 600 323 630 de
359 600 474 641 quibus
509 598 614 639 (nobis
644 597 694 638 X)
722 597 801 628 infra
841 597 966 628 dicetur
998 608 1026 639 p.
1052 599 1124 628 367.
1178 608 1252 640 pars
1281 598 1456 640 posterior,
1487 598 1619 640 scripta,
1653 602 1687 630 ut
1718 597 1872 637 diximus,
1903 597 1944 629 ab

284 651 397 681 emlein
432 650 575 682 lita-ario.
615 649 672 680 sed
709 649 972 691 quaternionibus
1010 660 1154 681 scorsum
1191 650 1383 689 numeratis,
1420 654 1550 692 praeter
1583 650 1733 682 chronica
1767 649 1946 681 Isidoria-na

284 703 445 745 proposita
470 703 520 733 hie
544 702 602 733 snb
627 702 754 732 nomine
778 701 891 735 Mileti.
918 712 1000 743 quae
1020 702 1170 733 volnnicn
1195 702 1317 738 finiunt,
1342 702 1557 744 Prosper-iana
1575 702 1726 733 continet.
1765 712 1804 733 ea
1819 702 1946 744 integra

284 755 360 786 vidit
392 755 551 785 Pontaeus
583 754 733 796 inscripta
763 758 797 784 nt
827 754 870 784 ait
900 754 1016 795 (praef.
1040 764 1070 796 p.
1094 754 1164 788 253:
1195 754 1342 786 chronica
1367 753 1517 794 Prosperi
1539 754 1729 794 Aquitanici
1755 756 1784 785 et
1811 754 1947 794 episcopt*

286 807 416 846 11'1511'111':
448 807 510 837 iam
541 806 751 848 quaternione
777 806 879 847 primo
904 806 1019 837 amisso
1044 806 1096 848 qui
1121 805 1217 838 hodie
1241 807 1362 848 primus
1386 809 1434 837 est
1458 807 1601 848 signatus
1625 806 1642 837 b
1664 806 1775 848 incipit
1799 817 1818 837 a
1840 805 1946 838 verbis

286 871 311 890 e.
329 861 389 889 acri
415 861 444 888 e!
469 857 681 888 ualduminno.
721 857 803 888 liber
827 857 972 889 ciusdem
997 857 1114 889 ordinis
1139 862 1188 889 est
1211 862 1308 900 atque
1333 857 1499 889 Mcdiceus
1523 862 1556 890 et
1573 858 1733 900 Spirensis
1757 859 1800 900 (v.
1817 868 1844 890 e.
1868 860 1946 889 1616

292 912 378 941 1626.
410 913 487 941 1656
506 909 597 949 cet),
629 909 807 952 descriptus
832 910 966 941 fortasse
991 910 1113 951 pariter
1143 915 1240 952 atque
1270 910 1436 942 Mediceus
1461 921 1502 942 ex
1526 910 1683 952 Spirensi:
1714 910 1864 942 notabilis
1899 913 1947 942 est

286 974 312 994 c.
336 964 424 997 1361,
445 965 474 993 11
503 961 669 1004 archetypi
693 962 788 993 lectio
811 962 887 1000 ficia.
917 967 1045 993 servata
1074 962 1105 993 in
1129 961 1276 994 Medicco
1301 973 1396 994 manu
1420 963 1538 1005 prima,
1570 966 1715 994 correcta
1737 963 1768 993 in
1790 962 1904 994 eodem
1928 973 1948 994 a

285 1025 381 1046 manu
411 1013 550 1045 secunda
582 1014 613 1044 in
644 1014 765 1053 fiducia
796 1018 900 1048 recte.
931 1014 963 1045 in
991 1013 1216 1046 Lemoviconsi
1248 1015 1333 1046 male
1365 1015 1449 1046 faeta
1481 1015 1599 1054 officia.
1653 1015 1855 1046 consentiunt
1883 1014 1946 1046 duo

285 1067 356 1098 libri
386 1067 575 1108 plerumque
600 1067 697 1097 etiam
721 1067 752 1097 in
776 1066 950 1097 minoribus
968 1066 1128 1098 erroribus
1153 1071 1185 1098 et
1201 1067 1246 1098 ita
1262 1067 1398 1098 invicem
1417 1077 1451 1098 se
1469 1067 1673 1103 confirmant;
1696 1067 1751 1098 ubi
1768 1066 1946 1107 discedunt,

286 1119 525 1150 Leinovicensis
539 1118 729 1160 pleramque
742 1117 891 1149 Mediceo
910 1118 1041 1150 inferior
1058 1122 1116 1153 est.
1134 1123 1168 1150 ut
1181 1130 1207 1151 e.
1221 1121 1310 1158 1061,
1322 1120 1340 1150 2
1358 1130 1415 1161 pro
1427 1119 1573 1158 partium
1590 1121 1657 1150 erat
1668 1118 1835 1150 Mediccus
1848 1118 1949 1150 habet

281 1171 493 1212 μινΙίιιῐι-νιιί,
525 1170 766 1202 Lemovicensis
791 1171 972 1212 corruptela
998 1174 1090 1202 aucta
1109 1172 1202 1211 parti
1224 1174 1300 1203 crat.
1348 1175 1381 1202 at
1403 1171 1454 1203 hic
1478 1171 1541 1202 illie
1565 1174 1708 1213 praestat
1731 1170 1889 1210 Mediceo,
1913 1173 1948 1202 ut

286 1234 311 1254 c.
336 1225 542 1254 lom—1094
572 1223 603 1254 in
632 1234 671 1255 eo
703 1222 819 1254 adsunt
850 1223 946 1265 plena
976 1227 1009 1254 et
1033 1234 1058 1254 e.
1082 1225 1160 1255 1325
1185 1223 1284 1255 habet
1309 1223 1488 1263 principem
1511 1226 1609 1254 reete.
1655 1222 1802 1254 adhibuit
1832 1222 1947 1254 librum

287 1275 448 1306 l'ontacus
472 1286 500 1306 ιι.
525 1278 600 1306 toni
626 1284 671 1316 μ’.
689 1286 719 1317 p.
737 1274 825 1315 375),
856 1274 943 1317 apud
967 1285 1062 1317 quem
1088 1275 1285 1317 significatur
1301 1275 1389 1313 Lod„
1413 1286 1474 1307 nec
1494 1275 1640 1307 diversus
1657 1278 1705 1306 cst
1722 1275 1836 1317 opinor
1852 1285 1948 1317 quem

287 1327 345 1357 sub
370 1327 498 1358 nomine
524 1327 740 1358 Sirinondiani
768 1326 900 1368 adlegat
923 1326 1127 1358 Duchesnins
1151 1339 1180 1359 a.
1202 1330 1280 1359 1636
1306 1327 1350 1370 (v.
1368 1339 1398 1370 p.
1417 1327 1503 1365 375).
1557 1337 1630 1358 nam
1654 1326 1741 1370 apud
1766 1337 1839 1358 eum
1863 1337 1946 1369 quae

287 1380 437 1420 leguntur
464 1389 527 1409 non
556 1379 685 1410 inventa
715 1379 745 1410 in
770 1378 997 1418 Chiffletiano,
1029 1379 1121 1410 nobis
1149 1379 1175 1411 C
1203 1383 1246 1421 (v.
1264 1391 1294 1422 p.
1313 1379 1406 1420 366),
1436 1383 1471 1410 ut
1501 1383 1573 1410 sunt
1601 1379 1663 1410 loci
1693 1389 1718 1410 0,
1740 1380 1828 1419 1375,
1845 1380 1884 1410 20
1916 1382 1949 1411 et

288 1443 313 1461 e.
339 1433 556 1469 1376.5-11,
587 1431 696 1473 itaque
725 1430 766 1462 ad
797 1441 870 1461 cuin
903 1441 998 1472 quen]
1023 1435 1193 1473 practerea
1218 1432 1383 1474 usurpavit
1407 1431 1666 1462 Sirmondianum
1691 1430 1875 1470 referenda,
1906 1441 1948 1463 ex

288 1483 403 1513 nostris
428 1483 549 1513 habent
573 1483 632 1514 soli
657 1483 729 1514 libri
758 1488 823 1514 tres
846 1482 1014 1514 Mediceus
1037 1482 1231 1514 llavniensis
1253 1483 1483 1525 Liniogiensis.
1517 1493 1651 1525 quorum
1683 1482 1763 1514 duos
1786 1482 1856 1514 illos
1881 1482 1947 1514 Sir-

288 1535 424 1566 inondus
448 1536 501 1566 vix
526 1535 682 1568 adhibere
706 1536 820 1578 potnit,
845 1535 951 1577 potuit
967 1534 1208 1577 Limogiensem
1233 1535 1349 1566 eodem
1377 1539 1523 1578 tempore
1548 1545 1568 1566 a
1583 1534 1726 1566 Pontaco
1750 1537 1947 1577 usurpatum.

289 1587 422 1623 accedit.
448 1586 534 1629 quod
558 1587 657 1618 verba
683 1598 708 1618 0,
731 1589 819 1625 1373,
841 1590 874 1618 13
900 1587 987 1618 intra
1004 1587 1127 1627 palatii
1147 1587 1327 1627 penetralia
1351 1598 1433 1630 quae
1459 1598 1501 1619 ex
1525 1587 1573 1618 his
1599 1590 1631 1619 et
1648 1587 1768 1629 primus
1785 1590 1818 1618 et
1835 1587 1948 1619 tertius

290 1640 420 1670 hahent.
446 1650 508 1670 non
533 1639 632 1670 habet
648 1638 873 1680 Limogiensis,
899 1639 1015 1670 absunt
1038 1639 1115 1670 item
1139 1650 1158 1670 a
1175 1639 1360 1670 Duchesnio
1387 1643 1419 1671 et
1435 1643 1610 1682 propterea
1629 1640 1726 1670 etiam
1743 1649 1762 1670 a
1778 1639 1946 1678 Labbaeo,

289 1698 321 1723 et
345 1691 431 1733 quod
456 1702 481 1722 c.
505 1693 577 1721 1:571
614 1691 797 1733 corruptela
823 1691 1013 1723 Theodora-1·
1042 1701 1099 1733 pro
1127 1691 1301 1722 Theodoris
1323 1691 1453 1723 inventa
1481 1692 1513 1723 in
1541 1691 1608 1723 solo
1633 1691 1831 1733 Limogiensi
1861 1689 1947 1733 apud

289 1743 421 1775 eosdem
447 1743 540 1774 rcdit.
559 1762 597 1765 —
615 1743 749 1774 Librum
775 1748 882 1774 nostra
907 1753 1005 1774 eausa
1027 1743 1159 1774 missum
1182 1743 1323 1774 Parisios
1346 1743 1389 1775 ibi
1417 1744 1557 1775 excussit
1577 1743 1698 1775 amicus
1720 1743 1756 1775 P.
1769 1743 1806 1774 F.
1820 1741 1946 1774 Girard.

394 1808 601 1850 Prosper-iani
634 1807 775 1839 chronici
803 1807 921 1839 codicis
945 1807 1128 1839 saec.YIII
1159 1808 1234 1839 folia
1264 1808 1326 1839 duo
1357 1808 1563 1839 cohaerentia
1596 1807 1796 1839 intermediis
1824 1807 1948 1838 amissis

289 1869 320 1892 et
347 1861 454 1892 inultis
478 1861 554 1891 loeis
579 1860 699 1891 hiantia
725 1860 776 1891 vel
801 1859 936 1891 evanida
962 1860 1045 1891 facta
1070 1864 1199 1902 reperta
1224 1864 1296 1891 sunt
1319 1860 1520 1903 adglutinata
1537 1860 1640 1892 codici
1661 1860 1735 1891 olim
1751 1859 1949 1901 Frisingensi

290 1925 318 1944 n.
337 1915 372 1944 21
401 1913 466 1944 sive.
485 1912 668 1943 Monacensi
693 1923 722 1943 n.
740 1914 819 1943 6221
850 1923 933 1944 saec.
950 1911 1027 1947 XII.
1052 1913 1114 1943 iam
1140 1913 1266 1954 signata
1289 1923 1318 1944 n.
1335 1914 1468 1944 29022⁶1
1494 1916 1664 1954 supersunt
1688 1912 1717 1943 in
1742 1912 1817 1943 folio
1841 1911 1947 1953 priore

289 1978 315 1996 e.
334 1968 421 1996 1261.
435 1968 453 1993 6
471 1964 617 1995 editionis
634 1968 762 1995 nostrae
780 1976 797 1995 a
815 1964 922 1995 verbis
938 1975 1020 2004 quae
1035 1964 1102 2005 [uli
1117 1964 1252 1995 mtribus
1268 1965 1439 2005 nesciebat]
1454 1964 1495 1996 ad
1513 1975 1539 1996 0.
1560 1966 1647 2002 1316,
1660 1966 1678 1995 2
1695 1963 1830 1995 militum
1846 1963 1948 2003 diani-

289 2020 361 2048 tau».
380 2017 409 2047 in
429 2017 503 2047 solio
521 2017 700 2058 posteriore
718 2028 735 2046 ιι
754 2026 779 2047 c.
798 2018 885 2048 1352.
898 2018 915 2047 2
932 2016 1020 2047 verb.
1035 2016 1100 2055 fuit
1116 2016 1151 2047 ob
1167 2017 1262 2047 cuius
1278 2016 1520 2059 revercnsliam]
1535 2016 1576 2048 ad
1591 2027 1616 2048 e.
1634 2017 1752 2055 1361,2
1769 2015 1856 2047 verb.
1870 2015 1949 2054 cogyit

292 2069 322 2099 in
350 2068 470 2098 lullum.
510 2068 653 2110 repperit
678 2079 715 2098 ea
741 2072 773 2099 ct
798 2068 877 2099 dixit
902 2068 942 2099 de
967 2069 1003 2099 iis
1020 2068 1162 2099 Thomas
1187 2069 1217 2100 in
1242 2069 1321 2100 actis
1345 2069 1532 2101 academiae
1549 2068 1751 2100 Monacensis
1774 2067 1949 2099 minoribus

291 2132 318 2150 ιι.
343 2123 420 2151 istm
445 2120 505 2150 vol.
530 2122 537 2149 1
567 2130 596 2161 p.
615 2122 632 2148 23
658 2124 690 2150 et
714 2120 744 2150 in
769 2120 917 2161 catalogo
942 2120 1160 2151 bibliothecae
1186 2120 1272 2151 edito
1297 2121 1355 2151 sub
1380 2131 1409 2151 n.
1427 2122 1520 2152 6221.
1559 2120 1636 2162 ipsis
1657 2120 1739 2151 foliis
1758 2119 1949 2151 examinatis

292 2173 419 2214 repperi
445 2171 559 2202 librum
586 2171 781 2202 simillimum
807 2171 904 2202 fuisse
928 2172 1045 2202 nostris
1062 2171 1144 2209 MY,
1169 2183 1363 2214 quamquam
1387 2172 1438 2203 hie
1462 2172 1525 2203 illie
1546 2172 1707 2214 conspirat
1723 2182 1794 2203 cum
1811 2171 1889 2210 aliis,
1914 2173 1949 2202 ut

292 2224 389 2254 hahet
415 2235 440 2253 e.
465 2226 542 2253 12166
569 2224 766 2254 ‹lanmantnr
790 2234 861 2254 cum
881 2223 984 2254 ΙΙΛΖ.
1020 2224 1140 2255 utilitas
1164 2224 1276 2255 haruin
1301 2225 1507 2266 reliquiarum
1531 2234 1601 2255 curn
1625 2224 1712 2255 nulla
1734 2224 1783 2263 sit,
1807 2223 1892 2255 nolui
1916 2223 1948 2254 in

291 2279 327 2309 iis
352 2277 526 2308 immorari:
553 2278 711 2318 perniulta
737 2288 808 2308 cum
834 2277 939 2308 desint
963 2277 1103 2308 hiatibus
1127 2278 1317 2319 intercepta.
1342 2277 1382 2308 de
1406 2277 1544 2308 lectione
1570 2276 1740 2318 fragmenti
1760 2286 1802 2307 ex
1821 2275 1948 2307 silentio

291 2337 464 2372 apparatas
489 2329 567 2359 seito
593 2339 653 2359 non
679 2333 835 2359 constare.

396 2402 523 2432 ('odi‹·is
547 2401 705 2443 deperditi
731 2402 836 2435 (nobis
854 2402 899 2442 A)
925 2405 1036 2433 extant
1060 2402 1246 2444 apographa
1272 2403 1411 2444 quinque
1436 2402 1531 2434 haee:

404 2475 427 2502 1.
453 2471 655 2502 Florentinus
679 2471 913 2501 Laurentianus
938 2471 969 2501 S.
987 2471 1085 2502 Marci
1111 2473 1182 2502 ¹338.
1208 2472 1299 2502 nohis
1317 2472 1378 2504 Af:
1410 2472 1439 2503 in
1464 2471 1646 2502 monasterii
1671 2471 1867 2502 bibliotheca
1891 2470 1950 2502 fuit

293 2527 360 2554 ·1.·›1
396 2523 435 2554 de
467 2526 520 2554 ΙΨ
551 2523 652 2553 banco
683 2534 722 2553 ex
755 2528 845 2564 parte
875 2521 1019 2554 orientis'
1054 2523 1108 2556 (ef.
1132 2523 1280 2554 Zaccaria
1313 2523 1374 2554 iter
1403 2524 1591 2555 litterarium
1622 2534 1651 2566 p.
1675 2525 1731 2559 53;
1766 2522 1950 2553 Bothmann

293 2575 377 2617 apud
405 2575 563 2605 l'ertziuin
589 2574 707 2605 Archiv
738 2577 782 2605 12.
802 2576 888 2606 7271.
935 2574 975 2605 ad
1000 2576 1031 2605 S.
1050 2574 1148 2605 Marci
1174 2575 1401 2606 numasteriam
1427 2575 1513 2606 venit
1543 2586 1613 2606 cuin
1645 2575 1732 2606 libris
1756 2574 1878 2605 Nicolai
1908 2573 1948 2605 de

295 2627 426 2658 Nic—olis:
463 2627 487 2657 is
523 2626 607 2657 ande
643 2626 791 2657 traxerit.
829 2627 979 2657 nest-itur.
1016 2626 1072 2657 sed
1108 2627 1176 2657 sine
1207 2627 1303 2658 dubio
1344 2627 1394 2658 hic
1427 2638 1555 2669 quoque
1588 2626 1670 2657 liber
1705 2637 1744 2657 ex
1775 2625 1949 2657 Germania

295 2680 440 2708 ‹;;111i2u···
473 2679 502 2709 in
535 2678 658 2709 ltaliam
690 2678 846 2719 pervenit.
893 2679 1028 2720 scriptus
1059 2682 1106 2708 est
1137 2678 1167 2709 in
1197 2679 1391 2709 membranis
1421 2679 1550 2710 saeculo
1575 2678 1620 2709 xl
1649 2678 1690 2709 ab
1715 2677 1829 2709 eadem
1854 2687 1948 2708 marm

297 2738 395 2761 totas:
420 2731 568 2761 amissam
595 2735 641 2760 est
668 2730 776 2760 foliani
796 2730 930 2771 prinnini
949 2741 1044 2760 ιιιιιιιιι
1063 2730 1164 2760 solum
1185 2738 1272 2762 (nam
1292 2731 1519 2772 qiaiterniones
1536 2731 1675 2772 quinque
1691 2729 1782 2772 primi
1800 2739 1949 2760 numeros

296 2782 413 2812 habent
440 2782 633 2823 inu-ripum:
659 2781 809 2812 ‹lesia-iant
834 2781 908 2812 item
935 2788 1091 2813 extrema.
1138 2782 1242 2813 insunt
1267 2782 1363 2813 haec:
