2118 3122
153 237 219 268 Lib.
234 248 301 277 yon.
322 238 347 269 I.

96 301 165 329 213⁴.
174 302 244 340 post
252 297 333 328 hunc
341 304 406 335 (om.

94 662 164 692 265.

96 1126 166 1156 266.

102 2627 171 2657 267.

180 350 236 386 15⁴¹)
251 349 398 381 iudicavit

180 402 401 433 IIebrontilius

179 453 307 485 Alleion
339 452 400 483 Fu-

178 505 345 536 rathonoin
363 504 402 535 de

181 556 264 588 tribu
281 555 402 587 Effrcm

179 611 230 639 ιιῑι.
246 607 338 638 VIII.

179 664 250 702 post
296 659 377 690 hune

179 722 316 754 peccans
335 711 401 750 (bi-s·

179 763 240 804 B·)
265 763 401 805 populus

179 814 313 846 traditur
322 814 400 845 allo-

179 867 238 898 filis
265 877 321 908 per
345 876 399 896 an-

180 929 236 950 nos
260 917 329 949 XL.

181 1128 253 1166 post
278 1124 357 1156 haec

212 1176 372 1207 conversis

180 1228 250 1259 filiis
279 1227 400 1259 Israhel

221 1280 358 1310 surrexit

180 1331 401 1363 Samsonfilius

188 1383 326 1415 Manaoe
351 1383 390 1414 de

195 1435 277 1467 tribu
302 1435 384 1467 Dan.

180 1487 230 1518 hic
258 1487 400 1518 debella-

180 1539 224 1570 vst
268 1539 401 1570 allofilos

170 1591 401 1632 etgcssitprin-

181 1643 320 1684 cipatum
345 1653 401 1674 an·

181 1694 228 1725 nis
250 1694 325 1726 XX.

186 2631 257 2667 post
280 2625 363 2655 hunc

174 2677 250 2708 Heli
257 2675 407 2707 sacerdos

220 2727 369 2759 iudicavit

187 2790 285 2811 annos
308 2780 381 2812 XX.

456 238 524 270 Lib.
530 249 598 278 yon.
607 238 627 269 Ι
627 239 646 269 Ι
650 249 680 270 ιι.
687 240 760 269 ·‘›'.'›'-!.

460 301 524 330 too.

462 661 525 690 to7.

461 1126 525 1154 tos.

540 304 611 340 post
637 298 718 328 hune

543 350 762 380 llelwoufilius

540 402 624 432 Abel
640 401 758 432 iudicu-

571 454 613 484 vit
647 454 735 483 annis

544 504 636 535 vul.

541 660 619 690 (hun
648 660 761 690 iteruin

539 716 687 753 peccaret
705 722 762 753 po-

540 763 642 804 pulns,
657 762 761 793 traditi

541 820 611 845 sunt
625 814 761 856 allophi-

539 866 575 897 lis
589 866 677 896 annis
692 866 760 897 XL.

541 1128 572 1154 et
601 1133 670 1153 eum
696 1122 760 1153 cla-

541 1180 681 1205 massent
721 1173 761 1204 ad

567 1226 739 1263 dominum,

540 1278 628 1309 dedit
641 1278 700 1309 illis
714 1278 761 1308 iu—

540 1330 642 1362 dicem
669 1330 760 1360 Sam-

561 1393 617 1413 son
651 1382 740 1412 annis

541 1434 613 1465 XX.

794 152 882 178 ANNI
903 152 1052 179 CCCLIIII.

818 301 888 331 251».

1685 156 1695 184 1
1708 156 1742 184 19

1191 239 1266 270 Chr.
1291 239 1380 270 Alae.

903 305 934 330 ct
965 307 1034 341 post
1069 300 1160 330 istum
1195 300 1330 341 praefuit
1365 299 1482 341 populo
1510 298 1626 330 Aialon
1663 300 1743 330 tilius

904 351 971 382 lilla
999 352 1050 382 ille
1072 351 1276 382 l‹‘n1·au=oni=n
1303 351 1342 381 dc
1369 351 1450 382 tribu
1470 350 1598 382 Hl'raim.
1625 358 1652 381 ct
1676 351 1742 392 ipse

905 402 1050 433 iudicarit
1073 403 1191 434 Israhel
1217 414 1315 433 amios
1336 402 1423 433 VIII.
1460 404 1536 433 liunt
1561 402 1651 433 simul
1670 403 1742 433 innui

905 460 1055 495 quattuor
1080 455 1163 485 inilia
1190 454 1313 485 (mliv.

883 664 936 692 .et
961 665 1031 701 post
1057 660 1147 690 istum
1174 660 1286 689 iterum
1313 659 1456 700 peccavit
1482 659 1616 700 populus
1637 669 1742 689 corani

904 712 1031 742 domino
1067 717 1098 741 et
1138 710 1266 741 tradidit
1304 711 1372 741 illos
1412 710 1490 741 dens
1528 710 1673 752 Fylisteis
1713 716 1742 740 et

904 764 1091 805 alienigenis
1117 769 1147 793 et
1173 763 1349 793 servierunt
1374 763 1443 792 illos
1468 762 1542 796 (illis
1558 761 1620 799 ΙΝ)
1644 773 1743 792 annos

904 816 972 847 XL.
1018 816 1094 846 tiuut
1120 814 1209 845 simul
1235 815 1305 844 anni
1332 820 1482 855 ‹piattuor
1506 814 1590 844 milia
1616 813 1743 844 ducenti

904 868 1002 898 XCV.

839 929 867 949 .'
883 945 888 951 .
906 920 938 951 ln
963 919 1076 950 diebus
1100 923 1206 949 antem
1232 918 1290 948 illis
1315 918 1388 948 solis
1413 917 1599 948 aedificatus
1623 923 1685 948 est:
1712 922 1743 947 et

820 1957 890 1986 256.

903 982 988 1002 mura
1019 970 1158 1001 Durdani
1191 970 1369 1000 scribuntur
1400 981 1470 999 csse
1500 969 1681 1000 aedificata.
1714 970 1743 1000 in

904 1034 965 1065 quo
991 1023 1136 1063 regnavit
1158 1021 1274 1052 Darius
1299 1027 1331 1052 et
1355 1026 1426 1063 post
1450 1022 1542 1052 istum
1560 1021 1743 1052 Laomedus

903 1080 935 1106 et
959 1074 1113 1116 Sarpidus
1137 1079 1168 1104 et
1192 1073 1316 1104 Siamus
1341 1073 1525 1103 scolasticus
1551 1084 1616 1104 rex.

882 1127 1076 1168 .l'ostquam
1102 1130 1208 1156 autem
1235 1126 1352 1156 reversi
1377 1130 1447 1155 sunt
1479 1125 1530 1155 tilii
1559 1125 1676 1155 Israhel
1703 1124 1744 1155 ad

903 1179 1074 1210 dominum.
1099 1178 1262 1208 suscitavit
1284 1177 1344 1207 illis
1369 1177 1447 1207 deus
1464 1178 1621 1218 Sampson
1646 1177 1742 1207 tilium

903 1232 1018 1262 Manoe
1049 1230 1088 1261 de
1117 1230 1200 1260 trihu
1227 1229 1306 1261 Dan.
1354 1229 1412 1259 iste
1444 1229 1640 1269 expugnavit
1665 1229 1743 1259 allo-

904 1284 984 1325 t'ylos
1020 1288 1051 1312 et
1081 1281 1231 1312 iudicavit
1260 1281 1383 1312 Israhel
1415 1291 1514 1311 annos
1541 1281 1611 1311 XX,
1666 1281 1743 1311 fiunt

904 1335 995 1366 simul
1018 1335 1089 1365 anni
1116 1338 1264 1375 quattuor
1288 1333 1371 1364 milia
1397 1332 1552 1363 CCCXV.

885 1565 890 1570 .
908 1540 940 1570 ln
959 1540 1070 1570 diebus
1092 1545 1198 1570 autem
1217 1540 1373 1580 Sampson
1399 1538 1509 1569 iudicis
1533 1538 1585 1568 illa
1611 1538 1663 1578 qui
1688 1537 1743 1568 de·

903 1591 1106 1632 delam-[sic]
1122 1591 1222 1622 Atrea
1239 1595 1271 1621 et
1284 1590 1447 1631 Thyesten
1461 1590 1652 1620 scribuntur:
1668 1589 1744 1620 item

904 1650 1010 1674 autem
1036 1643 1151 1673 Orfeus
1185 1647 1217 1673 et.
1247 1642 1376 1673 Museus
1407 1641 1683 1682 cognoscebantur
1713 1648 1744 1671 et

905 1696 956 1737 qui
979 1695 1019 1725 ad
1037 1694 1184 1725 Eraclem
1210 1695 1370 1736 pertinent
1394 1698 1425 1723 et
1450 1704 1528 1735 opus
1545 1693 1679 1724 illorum.
1704 1692 1744 1724 de

905 1758 966 1789 quo
991 1746 1181 1788 Apollonius
1206 1746 1448 1787 historiografus
1472 1745 1606 1786 soi-ipsit.

841 1804 936 1832 .'.'.et
966 1803 1038 1841 post
1068 1798 1189 1829 obitum
1218 1798 1374 1839 Sampson
1407 1798 1472 1827 sinc
1507 1797 1680 1838 principem
1715 1801 1746 1827 ct

904 1861 1017 1893 pacem
1042 1861 1100 1892 per
1123 1860 1222 1881 annos
1240 1849 1309 1881 XL.
1348 1849 1426 1879 tiunt
1450 1849 1541 1879 simul
1564 1849 1635 1879 anni
1654 1855 1745 1890 quat-

905 1908 976 1934 tuor
998 1902 1084 1933 milia
1108 1901 1259 1932 CCCLV.

905 1959 937 1985 et
960 1959 1032 1996 post
1057 1954 1136 1984 haec
1162 1953 1235 1984 Heli
1260 1952 1410 1983 sacerdos
1439 1951 1589 1982 iudicarit
1615 1951 1745 1982 Israhel.

906 2017 968 2047 quo
993 2010 1137 2047 tempore
1163 2005 1215 2036 ille
1241 2005 1315 2035 solis
1340 2004 1482 2035 contixus
1506 2008 1554 2033 est
1571 2003 1612 2033 ab
1629 2002 1746 2034 Acheis

907 2063 938 2089 ct
963 2057 1113 2088 Dardana
1139 2067 1226 2088 mura
1253 2057 1413 2087 confracta
1439 2059 1520 2086 sunt.

885 2109 977 2141 sHuc
1001 2120 1100 2151 usquc
1126 2108 1246 2139 iudices
1270 2107 1390 2138 Israhel
1416 2107 1687 2140 constat-eruum.

942 2162 967 2189 l)
988 2163 1184 2194 inlerlmnunlnr
1203 2162 1265 2185 nlla.

821 2222 827 2227 ·
842 2217 870 2244 ἴῃ.
886 2238 891 2244 .
905 2213 1045 2244 Necesse
1064 2213 1146 2243 enim
1166 2217 1213 2242 est
1230 2211 1270 2243 ad
1287 2212 1450 2242 historiam
1468 2221 1594 2241 currere
1611 2210 1745 2241 chrono-

822 2421 882 2450 255»

822 2627 891 2657 264),

906 2266 1030 2305 grafum
1055 2275 1112 2306 per
1136 2263 1311 2293 Ebroorum
1338 2273 1451 2303 regna.
1481 2263 1549 2304 quis
1574 2268 1605 2293 et
1635 2262 1747 2292 clarior

906 2316 1089 2346 manifestat
1105 2320 1250 2356 tempora
1267 2315 1449 2356 singillatim
1469 2319 1500 2346 et
1517 2325 1615 2345 annos
1633 2324 1745 2345 secun-

907 2367 980 2398 dum
1005 2367 1157 2398 ordinem.

887 2419 992 2449 ‚Sicut
1016 2420 1102 2460 prius
1126 2419 1412 2451 manifestavimus.
1445 2419 1484 2448 ab
1510 2417 1614 2449 Adam
1646 2427 1745 2458 usque

907 2470 947 2500 ad
970 2471 1063 2501 tinem
1082 2470 1219 2501 iudicum
1239 2470 1360 2501 Israhel
1385 2469 1425 2500 ab
1443 2470 1531 2500 initio
1549 2469 1622 2499 IIeli
1640 2479 1744 2498 saeer-

907 2521 989 2552 dotis
1013 2523 1089 2553 tiunt
1107 2523 1178 2553 anni
1197 2523 1261 2554 IIII
1278 2523 1363 2553 inilia
1382 2521 1534 2552 ecem<
1572 2531 1646 2551 eece
1664 2530 1745 2550 nune

906 2584 1038 2615 regnum
1063 2575 1210 2615 primum.

906 2625 984 2655 Post
1019 2625 1138 2657 iudices
1172 2626 1291 2657 Israhel
1326 2625 1475 2656 iudicavit
1511 2624 1590 2655 tilios
1624 2623 1745 2654 Israhel

907 2677 980 2707 lIeli
1005 2677 1164 2710 sacerdos.
1189 2682 1221 2708 et
1245 2679 1312 2719 ipsc
1337 2676 1486 2708 iudicavit
1506 2676 1624 2706 Israhel
1647 2686 1745 2705 annos

907 2728 979 2759 XX.
1026 2729 1102 2759 tiunt
1133 2729 1223 2759 simul
1256 2729 1295 2759 ab
1327 2728 1430 2759 Adam
1463 2728 1535 2758 anni
1564 2727 1627 2757 IIII
1660 2727 1744 2757 inilia

907 2779 1122 2810 CCCLXXY.
